2817 4825
1249 457 1396 536 ’49
1504 484 1699 524 -·....

289 640 630 731 ‹juodalio
663 645 850 709 mod-o
883 646 1022 707 fieri
1052 666 1182 710 non
1211 644 1461 728 potuit,
1502 645 1697 731 quum
1727 626 2043 733 kinskyus
2066 629 2384 718 'et'Evan-

268 751 650 831 ‘'gelicornm
705 750 1050 811 doctrinam
1097 751 1581 829 amplecteretur
1621 765 1686 816 et
1730 754 2006 818 Caesaris
2043 758 2215 819 iussu
2254 750 2385 819 Βό-

307 851 552 913 hemiae
605 852 784 913 exsul
839 861 1018 912 esset.
1063 854 1067 859 ’
1102 851 1477 913 Fridlandus
1534 865 1741 917 autem
1796 858 2070 938 speravit
2120 855 2259 919 fore
2285 854 2385 921 ‘'u't

269 963 274 970 “
308 954 572 1013 Joannes
609 952 941 1033 Georgius,
998 955 1228 1035 quippe
1269 957 1380 1035 qui
1420 964 1595 1017 tanto
1634 960 1801 1038 pacis
1837 979 2048 1020 amore
2080 962 2385 1039 flagraret,

273 1054 382 1113 ··ut
437 1054 658 1133 quovis
710 1054 851 1114 viro
891 1054 1290 1114 inter-nuncio
1333 1054 1414 1113 de
1455 1076 1524 1114 ea
1566 1066 1857 1137 pacturus
1897 1071 2086 1136 esset,
2146 1062 2263 1121 hac
2304 1064 2386 1124 de

293 1174 380 1215 re
447 1155 635 1215 facile
699 1154 1110 1234 deciperetur.
1205 1155 1431 1235 Neque
1491 1157 1725 1218 fefellit
1782 1181 1925 1222 eum
1972 1183 2126 1243 spes.
2224 1166 2385 1225 Nam

295 1256 624 1337 ·Kinskyus
691 1257 768 1317 ab
831 1258 1126 1316 Electore
1190 1258 1539 1337 paciscendi
1572 1263 1967 1322 .auctoritate
2028 1264 2385 1340 instructus,

293 1359 628 1440 profectus
681 1366 776 1449 est
829 1358 908 1417 ad
949 1354 1354 1417 Fridlandum
1373 1400 1390 1432 ,
1460 1362 1564 1418 cui
1618 1361 1805 1420 simul
1845 1364 2388 1445 Francogallorum

308 1462 470 1541 regis
509 1462 780 1538 litteras,
835 1480 871 1519 a
912 1460 1112 1537 legato
1151 1459 1359 1539 pridie
1401 1469 1711 1538 acceptas,
1766 1462 2011 1525 adtulit.

477 1562 718 1623 Eodem
773 1571 1052 1641 tempore
1090 1561 1270 1622 novis
1312 1562 1380 1621 in
1420 1562 1637 1622 Silesia
1675 1564 1943 1625 induciis
1983 1567 2161 1629 factis
2199 1571 2389 1632 Frid-

309 1663 534 1725 landus
566 1664 899 1737 Holkium,
955 1662 1226 1722 militum
1268 1661 1777 1725 caesarianorum
1808 1666 2219 1746 praefectum,
2276 1676 2389 1754 qui
2492 1681 2501 1689 ’

313 1788 350 1826 e
381 1765 718 1827 Bohemiae
747 1766 972 1825 finibus
1007 1764 1218 1845 paullo
1252 1775 1433 1825 autea
1464 1776 1660 1826 castra
1694 1788 1978 1843 movens,
2020 1781 2215 1833 totam
2248 1774 2387 1837 fere

299 1869 640 1933 §uoniam
682 1880 878 1948 usque
918 1868 997 1928 ad
1034 1866 1246 1926 Cizam
1282 1878 1347 1927 et
1375 1866 1809 1947 Numburgum
1822 1911 1842 1945 ,
1896 1870 2081 1932 urbes
2112 1872 2181 1933 in
2214 1896 2389 1937 suam

310 1971 631 2052 redegerat
669 1976 1035 2049 potestatem
1050 2011 1067 2042 ,
1125 1988 1161 2027 a
1171 1990 1216 2030 v
1230 1988 1268 2027 o
1281 1989 1314 2027 c
1328 1989 1363 2028 a
1373 1970 1497 2031 vit
1510 2009 1527 2029 .

481 2074 606 2133 Per
648 2070 976 2133 duodecim
1019 2069 1182 2144 dies,
1237 2079 1312 2131 ut
1345 2070 1736 2133 Chemnitius
1766 2074 2103 2134 memoriae
2132 2077 2393 2141 manda·-

311 2168 441 2252 v‘it,
491 2171 896 2245 Fridlandus,
953 2171 1234 2250 quamvis
1275 2172 1584 2231 exercitui
1627 2182 1690 2233 et
1728 2172 2137 2253 Evangelicos
2176 2177 2392 2260 dupli-i

301 2277 373 2338 ei
441 2296 738 2341 numero,
767 2275 1084 2354 superanti
1147 2281 1330 2353 atque
1391 2273 1578 2333 armis
1634 2284 1699 2335 et
1751 2285 2099 2335 commeatu
2152 2282 2390 2359 optime

309 2380 618 2444 instructo
668 2386 1012 2460 praeesset,
1080 2376 1243 2458 apud
1298 2374 1574 2438 hostium
1630 2375 1817 2438 duces
1856 2398 2049 2441 novas
2088 2380 2391 2447 sollicita·-

305 2485 412 2547 vit
449 2482 746 2545 inducias.
777 2485 801 2520 ⁷
821 2478 878 2559 ³)

290 2593 294 2598 ’
485 2586 708 2646 Multis
749 2583 921 2646 ultro
962 2583 1244 2662 citroque
1281 2581 1511 2645 litteris
1550 2583 1752 2646 missis
1791 2583 2167 2646 Arnhemius
2208 2583 2394 2650 deni-

318 2709 438 2769 que
494 2707 564 2747 ac
609 2689 930 2749 Thur-nius
975 2685 1197 2746 Comes
1239 2685 1565 2748 Fridlaudi
1610 2687 1919 2747 voluntati
1956 2688 2392 2754 satisfecerunt

312 2789 581 2852 induciis
637 2788 964 2863 faciendis,
1035 2809 1192 2867 quae
1243 2809 1376 2869 per·
1414 2799 1679 2868 quatuor
1728 2787 2143 2848 hebdomadas
2200 2791 2393 2854 dm..

311 2904 476 2955 rent.
559 2895 890 2954 Praeterea
938 2891 1174 2972 placuit
1225 2899 1298 2950 ut
1347 2890 1636 2950 induciae
1676 2908 1804 2949 non
1843 2888 2205 2953 Electorum
2250 2905 2395 2957 tm..

311 3005 452 3056 tum
492 2994 560 3055 in
599 2996 788 3057 terris
831 2995 1310 3055 observarentur
1325 3032 1344 3064 ‚
1407 3011 1631 3056 verum
1671 2991 1860 3052 etiam
1900 3001 1975 3052 ut
2014 3001 2240 3054 neuter
2276 3015 2393 3077 pa-

309 3093 678 3160 ciscentium
732 3097 801 3158 in
855 3096 1004 3156 alias
1049 3094 1424 3156 Germaniae
1476 3103 1703 3168 terras,
1768 3092 1837 3152 in
1890 3092 2115 3171 quibus
2154 3093 2393 3159 bellum

315 3208 666 3278 gereretur,
725 3195 1056 3258 auxiliares
1100 3195 1388 3255 mitteret·
1422 3196 1646 3274 copias.
1670 3195 1697 3233 ⁷
1708 3195 1773 3271 4)

487 3287 865 3359 'Arnhemius
889 3296 1079 3375 igitur
1099 3304 1171 3354 ut
1197 3294 1679 3355 Oxenstiernam
1703 3293 2173 3368 cancellarium,
2209 3319 2394 3378 quem

316 3400 795 3480 prudentissime
835 3416 1016 3477 agere
1054 3396 1176 3459 iam
1219 3395 1523 3472 diximus,
1578 3395 1849 3456 consiliis
1880 3397 2207 3458 Fridlandi
2243 3403 2396 3460 red-

320 3503 498 3562 deret
555 3499 1037 3582 promptiorem,
1110 3497 1197 3557 in'
1238 3495 1642 3576 Thur-ingiam
1699 3498 2017 3577 profectus
2028 3538 2048 3571 ‚
2119 3519 2259 3560 cum
2316 3523 2392 3561 eo

321 3604 683 3664 Gelnhusae‘
731 3618 1088 3680 congressus
1139 3607 1250 3658 est.
1281 3602 1307 3638 ⁷
1326 3597 1384 3679 ⁵)
1468 3599 1614 3676 Quo
1665 3599 1733 3661 in
1775 3617 2103 3678 congressu
2142 3600 2395 3666 Arnhe-

386 3866 486 3936 73)
524 3869 592 3920 cf.
639 3863 900 3934 &hemma
934 3867 1042 3918 1.1.
1115 3870 1168 3918 2.
1210 3887 1269 3938 p.
1295 3865 1419 3920 214.

387 3959 486 4027 74)
531 3960 599 4012 cr.
647 3957 936 4026 ffbrster,
986 3953 1358 4021 waltenstein
1393 3953 1604 4018 §Bt-icfe,
1652 3953 1755 4010 εδδ.
1782 3958 1833 4007 3.
1870 3975 1925 4023 p.
1952 3952 2035 4006 50.
2076 3953 2161 4007 51.

386 4053 486 4121 73)
525 4051 595 4104 cf.
643 4047 970 4118 &bematis
1019 4051 1123 4102 l.1.
1196 4054 1246 4102 2.
1283 4069 1342 4120 p.
1369 4049 1523 4105 191.t
1584 4047 1707 4116 „gu
1745 4047 1861 4101 bem
1897 4043 2073 4104 Gaba.
2122 4043 2227 4113 ῦαβ
2259 4047 2398 4104 airu,

455 4135 592 4206 {paim
646 4135 782 4204 betto
827 4133 1078 4204 issslidm·
1123 4133 1520 4204 berennicem.
1584 4145 1674 4190 um
1722 4132 1821 4188 bat
1853 4127 2010 4189 ’Be-r!
2045 4129 2183 4192 heim
2217 4131 2396 4201 berra

2000 4196 2053 4272 4
