2817 4825
1103 425 1510 499 --14

597 614 908 676 Omnibus
960 634 1116 695 quae
1155 615 1359 675 modo
1418 616 1898 677 memoravimus
1951 620 2351 698 argumentis,
2422 628 2498 680 ut

421 714 898 780 Khevenhilleri
951 718 1370 779 narrationem
1420 718 1491 777 in
1531 716 1790 779 dubium
1816 729 2117 795 secaret,
2178 720 2391 781 induci
2428 738 2497 782 se

419 838 630 897 passus
663 828 758 880 est
789 821 1146 883 Fridericus
1173 822 1537 881 Foersterus
1566 822 2011 883 nonnullorum
2040 832 2495 885 antecessorum

421 922 679 1001 vestigia
729 942 1034 1001 premens.
1121 923 1252 1000 Qui
1303 924 1406 984 vir
1440 923 1671 983 eximia
1710 924 2039 1003 sagacitate
2078 925 2393 987 excellens
2436 933 2499 984 et

421 1023 635 1085 multis
675 1024 1062 1086 documentis
1102 1025 1354 1085 ineditis
1397 1036 1463 1087 et
1492 1025 1817 1087 Fridlandi
1850 1025 2237 1107 aliorumque
2270 1045 2501 1105 aequa·-

419 1124 578 1185 lium
609 1128 886 1206 epistolis
919 1128 986 1187 in
1020 1128 1243 1207 vulgus
1277 1129 1513 1189 emissis
1541 1125 1934 1190 Fridlandiae
1961 1129 2205 1189 Ducem
2234 1129 2340 1189 vel
2372 1128 2499 1186 mi·-

419 1228 594 1287 nima
620 1226 991 1306 proditionis
1022 1229 1372 1309 suspicione
1405 1228 1674 1290 liberare
1704 1252 1883 1311 posse
1914 1230 2033 1289 sibi
2066 1230 2231 1290 visus
2261 1238 2371 1287 est.
2397 1230 2418 1260 ¹
2434 1221 2494 1302 ⁶)

419 1326 672 1387 Etenim
713 1328 1003 1406 opinatur
1039 1331 1231 1408 idque
1271 1329 1695 1389 demonstrare
1738 1340 1995 1392 conatus
2036 1340 2130 1391 est
2166 1332 2495 1391 Ftirsterus

419 1429 834 1490 delationibus
895 1439 1194 1491 externae
1257 1430 1573 1491 cuiusdam
1628 1433 1916 1491 factionis
1970 1432 2041 1491 in
2093 1434 2376 1492 exercitu
2428 1438 2495 1489 et

420 1528 694 1589 Caesaris
731 1530 994 1610 Augusti
1044 1532 1186 1593 aula
1243 1531 1679 1608 machinantis,
1744 1553 1903 1611 quae
1962 1532 2084 1614 ipsi
2126 1533 2303 1594 audit
2341 1523 2494 1593 stii-

417 1633 570 1701 ctim
605 1632 915 1707 „Italico-
933 1632 1689 1712 hispanico-catholica“,
1729 1635 2039 1698 interiisse
2062 1634 2491 1695 Fridlandum.

418 1733 608 1794 Hunc
665 1736 832 1797 enim
897 1737 1182 1797 omnibus
1241 1736 1482 1797 viribus
1536 1757 1749 1817 pacem
1810 1737 2141 1797 restituere
2202 1737 2491 1809 voluisse,

419 1855 604 1915 quam
643 1855 799 1896 vero
839 1837 952 1897 illa
993 1858 1207 1914 magna
1244 1838 1527 1897 Viennae
1564 1838 1842 1917 potentia
1878 1840 2082 1918 gavisa
2114 1840 2465 1918 respuisset.

587 1940 688 1998 Ex
741 1939 864 1997 hoc
913 1941 1108 2018 igitur
1156 1940 1324 2021 pacis
1365 1939 1786 1999 restituendae
1826 1938 2066 2015 studio,
2133 1959 2256 2019 quo
2298 1939 2489 2000 Frid-

416 2039 638 2101 lsndus
679 2042 1075 2103 Germaniam
1128 2040 1406 2103 externis
1470 2040 1715 2120 populis
1766 2042 1971 2122 patrio
2016 2040 2151 2101 solo
2191 2041 2407 2103 eiectis
2450 2060 2487 2099 a

334 2138 342 2157 ⁸
417 2144 634 2203 multis
679 2144 1030 2224 magnisque
1071 2143 1519 2205 calamitatibus
1559 2144 1824 2204 liberare
1864 2142 2169 2218 voluerit,
2236 2162 2487 2204 omnem

415 2264 627 2304 rerum
680 2249 855 2305 annis
913 2240 1278 2305 1633—34
1311 2290 1316 2295 .
1326 2253 1635 2321 gestarum
1686 2265 2038 2305 connexum
2076 2244 2487 2325 repetendum

414 2366 548 2405 esse
577 2348 866 2429 opinatur
898 2345 1250 2407 Fridericus
1281 2344 1667 2405 Foersterus.
1752 2344 1899 2422 Quo
1932 2347 2096 2408 enim
2130 2347 2335 2406 animo
2370 2346 2485 2406 de·-

413 2468 541 2510 uuo
575 2451 836 2532 inceptis
869 2470 1010 2512 cum
1035 2447 1553 2527 Evangelicorum
1588 2458 1765 2529 parte
1797 2451 2141 2511 actionibus
2175 2469 2316 2508 eum
2338 2467 2483 2528 spe-

411 2572 578 2613 rasse
599 2555 768 2630 fore,
825 2565 898 2616 ut
923 2552 1315 2614 Electoribus
1338 2551 1645 2614 Saxoniae
1670 2561 1732 2612 et
1760 2551 2297 2630 Brandeuburgiae
2324 2547 2485 2610 Cae-

410 2657 534 2714 sari
563 2658 838 2733 Augusto
879 2652 1292 2714 reconciliatis
1331 2661 1441 2712 aut
1483 2654 1737 2711 omnino
1768 2652 2035 2730 pelleret
2064 2654 2321 2725 Succos,
2375 2659 2484 2711 aut

408 2775 666 2836 aequam
691 2759 976 2837 iungeret
1001 2774 1238 2833 pacem.
1317 2753 1416 2813 Ita
1442 2772 1571 2813 non
1598 2750 1971 2833 hispanicam
1997 2755 2200 2812 solum
2224 2752 2290 2811 in
2320 2749 2483 2810 Cae-

408 2859 560 2918 saris
591 2861 852 2940 Augusti
893 2858 1032 2921 aula
1069 2857 1267 2920 multa
1300 2855 1614 2918 valentem
1650 2855 1984 2914 factionem
2018 2873 2055 2912 a
2082 2873 2150 2913 se
2183 2852 2481 2913 alienasse

407 2959 810 3020 Fridlaudum
824 3002 845 3035 ‚
910 2972 1134 3020 verum
1190 2959 1377 3020 etiam
1431 2957 1742 3017 exercitus
1791 2957 1985 3037 ipsius
2023 2955 2481 3036 praefectorum

407 3061 644 3121 animos
658 3104 677 3135 ,
733 3061 842 3141 qui
872 3061 1109 3122 victum
1148 3061 1266 3122 sibi
1309 3057 1679 3137 divitiasque
1720 3055 1885 3118 bello
1916 3057 2193 3137 paraturi
2226 3055 2479 3114 omnino

407 3183 446 3222 a
475 3182 626 3246 pace
657 3161 1136 3224 abhorruissent.
1219 3162 1400 3222 Hanc
1434 3160 1799 3233 factionem,
1853 3168 1957 3234 ut,
2000 3158 2295 3239 suspectis
2329 3156 2481 3218 red-2

407 3263 554 3323 ditis
595 3286 737 3327 cum
771 3267 1287 3345 Evangelicorum
1327 3275 1509 3348 parte
1548 3263 1936 3342 pactionibus
1949 3300 1967 3334 ,
2020 3270 2262 3322 amotus
2291 3257 2481 3318 Frid-

405 3367 626 3430 landus
664 3367 742 3426 ab
783 3369 1090 3428 exercitus
1128 3369 1397 3450 imperio
1439 3366 1935 3446 proditionisque
1975 3371 2319 3434 accusatus,
2374 3361 2479 3420 in·-

403 3469 823 3544 terficerctur,
874 3489 912 3528 a
946 3468 1205 3531 Caesare
1236 3469 1516 3552 Augusto
1555 3470 1917 3550 impetrasse
1954 3487 2029 3528 eo
2061 3465 2305 3526 facilius
2323 3508 2340 3537 ,
2394 3485 2479 3524 ex

405 3591 530 3652 quo
557 3573 726 3632 -Dux
765 3573 1061 3634 Bavariae
1101 3594 1346 3656 quoque
1387 3575 1517 3636 iam
1556 3571 1801 3654 pridem
1839 3567 2176 3631 Fridlando
2217 3567 2485 3628 infestus

403 3683 610 3756 partes
638 3674 896 3735 illorum
928 3685 1088 3737 esset
1117 3677 1461 3758 amplexus.
1541 3677 1791 3752 Quanta
1814 3681 2020 3736 autem
2044 3669 2276 3732 iniuria
2298 3669 2484 3732 dam-,

474 3849 568 3911 16)
604 3850 672 3902 cf.
727 3848 834 3914 ὗε.
887 3849 1146 3915 &bt-ster
1190 3849 1425 3916 mbram
1457 3860 1507 3906 s.
1545 3845 1920 3916 {Bauensteins
1954 3842 2291 3914 sugent-uate
2322 3842 2473 3902 §griez

469 3923 474 3928 ⁸
508 3932 588 3994 -fe
622 3945 687 3989 τε.
749 3933 942 3990 ffietlin
970 3938 1104 3992 1828
1137 3937 1243 3992 unb
1285 3936 1419 3990 1829
1454 3938 1514 4000 (3
1538 3933 1773 3998 ffit'inbe).
1833 3930 1901 3997 ὗ.
1948 3929 2202 3997 &bt-stet·
2244 3927 2474 3988 {sanem

537 4015 694 4082 stein,
742 4020 948 4088 benna
975 4033 1034 4084 zu
1063 4017 1467 4086 ffiteoelenburfl,
1506 4017 1920 4085 &neblansunb
1950 4015 2181 4082 &agam
2219 4014 2305 4071 als
2330 4012 2473 4078 &eihs

537 4101 656 4170 bert
696 4101 804 4169 aab
839 4101 1194 4180 Sanbetfiirst.
1264 4098 1398 4162 <Eine
1432 4099 1778 4171 miserantis.
1848 4100 2115 4172 ‘notabam
2144 4097 2294 4156 1834.
2342 4181 2347 4186 ὑ
