2817 4825
1158 1318 1342 1394 cst.
1397 1318 1459 1393 Ι.

890 1458 1316 1527 Memoria
1399 1460 1717 1548 prima.

267 1614 562 1751 Ineunte
615 1670 840 1722 aestate
883 1664 1025 1721 anni
1069 1656 1256 1721 1634.
1299 1682 1415 1739 per
1454 1673 1650 1725 totam
1694 1662 2087 1728 Germaniam
2130 1668 2340 1731 incre-

266 1772 407 1832 buit
447 1772 637 1845 iama,
694 1770 1024 1832 descivisse
1065 1793 1101 1831 a
1147 1773 1405 1831 Caesare
1445 1769 1723 1851 Augusto
1779 1778 2091 1857 occupatis
2132 1780 2338 1859 pluri-

265 1874 380 1933 bus
435 1874 502 1932 in
557 1874 856 1933 Bohemia
911 1874 1173 1935 castellis
1229 1873 1720 1935 Waldsteinium
1776 1898 1852 1937 eo
1910 1880 2198 1954 consilio,
2264 1893 2339 1943 ut

264 1977 609 2037 exercitum
654 1976 928 2039 Caesaris
984 1978 1051 2035 in
1106 1974 1475 2035 defectionis
1528 1977 1884 2039 societatem
1925 1980 2215 2043 allectum
2258 1984 2337 2045 ad

260 2079 746 2139 Protestantium
803 2088 1012 2158 partes
1071 2078 1443 2169 traduceret.
1544 2076 1750 2154 Quem
1797 2081 2087 2143 nuntium
2146 2102 2337 2163 quum

261 2182 450 2241 tertio
504 2182 626 2240 iam
671 2180 774 2239 die
814 2181 1038 2239 mensis
1080 2180 1298 2239 Martii
1337 2179 1735 2241 Francofurti
1773 2180 1854 2239 ad
1892 2182 2194 2247 Moenum
2236 2188 2338 2248 di-

257 2284 544 2361 vulgatus
585 2292 774 2357 esset,
807 2282 864 2359 ¹)
934 2282 1172 2341 decimo
1225 2292 1402 2341 sexto
1459 2281 1735 2343 eiusdem
1788 2282 2018 2345 ‘mensis
2074 2286 2177 2346 die
2246 2290 2337 2350 de

261 2382 694 2459 Charnace‚
762 2383 1307 2461 Francogallorum
1363 2384 1526 2462 apud
1580 2384 1847 2448 Batavos
1899 2386 2167 2466 legatus,
2227 2409 2335 2450 re-

258 2487 425 2546 tulit.
457 2482 514 2562 2)

430 2589 713 2663 Quarum
755 2606 964 2646 rerum
1007 2585 1158 2644 <lum
1200 2603 1443 2658 omnes,
1496 2597 1687 2665 prout
1726 2586 1989 2668 quisque
2023 2597 2131 2650 aut
2162 2593 2329 2666 Pro..

255 2691 618 2753 testantium
671 2696 778 2748 aut
833 2686 1106 2746 Caesaris
1163 2685 1425 2766 Augusti
1477 2687 1757 2766 partibus
1812 2691 2081 2765 faveret,
2160 2692 2329 2756 inter

251 2816 427 2876 spem
504 2803 862 2872 metumque
935 2790 1218 2868 suspensi
1293 2785 1671 2868 exspectant
1724 2799 2049 2867 eventum,
2135 2795 2325 2857 Fri&

249 2896 496 2958 landiae
547 2897 730 2968 Dux,
808 2893 1203 2973 imperatoria
1265 2899 1567 2971 potestate
1630 2903 1883 2968 exutus,
1962 2916 1998 2955 a
2056 2897 2327 2959 tribunis

249 2999 524 3060 militum
547 2996 842 3070 ‚Buttler,
900 2995 1188 3070 Gordon,
1243 2994 1457 3055 Leslie
1498 3003 1682 3074 atque
1723 2996 2069 3058 Deveroux
2101 2994 2326 3078 Agriae

249 3109 344 3161 est
381 3098 768 3161 interfectus.

422 3206 564 3282 Qua
616 3206 805 3283 igitur
859 3201 1094 3262 maiore
1146 3198 1518 3259 Fridlandus
1568 3197 1884 3281 prioribus
1936 3200 2321 3278 temporibus

249 3331 394 3369 cum
447 3309 524 3369 in·
561 3306 895 3367 Germania
944 3314 1078 3365 tum
1133 3303 1296 3384 apud
1342 3299 1662 3361 Caesarem
1704 3303 2049 3382 Augustum
2102 3303 2321 3362 value—

245 3421 345 3472 rat
400 3414 792 3485 auctoritate,
866 3431 941 3470 eo
994 3409 1182 3488 magis
1239 3419 1301 3468 et
1354 3407 1692 3468 moliminis
1747 3403 2058 3465 vastitudo
2106 3415 2168 3464 et
2208 3407 2318 3464 fu·-

244 3524 455 3575 nestus
519 3514 650 3574 eius
709 3522 1126 3590 cruentasque
1184 3510 1385 3569 exitus
1444 3508 1718 3567 omnium
1773 3503 2118 3582 aequalium
2178 3509 2317 3566 ani-

242 3639 377 3679 mos
445 3599 854 3699 perturbavit.
967 3613 1060 3672 Ut
1124 3614 1290 3671 enim
1358 3609 1530 3670 omni
1594 3620 1875 3688 tempore
1938 3603 2077 3667 fieri
2139 3610 2313 3681 solet,

138 3784 143 3790 ,
244 3741 435 3799 quum
489 3741 587 3781 res
626 3720 1016 3800 gravissimae
1062 3726 1126 3776 et
1163 3715 1484 3793 hucusque
1524 3711 1867 3783 inauditae,
1937 3728 2165 3790 eaeque
2210 3713 2314 3771 la-

313 3918 376 3986 1)
413 3918 482 3970 cf.
519 3923 717 3971 Lettres
751 3932 800 3970 et
835 3919 1186 3988 negociatione
1226 3920 1288 3966 (le
1314 3915 1631 3980 Feuquieres.
1699 3910 1875 3964 Amat.
1908 3922 1959 3963 et
1984 3910 2131 3960 Paris
2159 3909 2308 3962 1753·

375 4007 448 4058 T.
473 4005 537 4056 ll.
575 4023 633 4073 p.
656 4007 778 4058 223.
815 4007 973 4076 epist.
1001 4005 1051 4056 3.
1092 4005 1254 4054 Mart·
1279 3998 1364 4054 34.

305 4093 366 4157 2)
411 4091 479 4143 cf.
517 4089 653 4143 ibid.
691 4109 748 4160 p.
771 4091 894 4153 253.

1924 4153 1961 4221 1
