2817 4825
1146 408 1849 485 *24*

443 605 516 659 ει
527 616 546 671 ,·
603 610 764 678 quae
804 592 1144 661 Fridlando
1184 598 1306 659 iam
1333 594 1679 657 interfecto
1720 597 1799 663 ab
1838 596 2151 659 exereitus
2192 594 2529 659 caesericni

443 700 773 781 praefectis
823 710 992 781 gesta
1043 709 1216 774 sunt,
1285 708 1581 779 spectant.
1632 700 2041 779 ·Magnopere
2084 698 2327 779 quidem
2368 701 2527 763 illu,-

445 812 670 865 stratus
747 814 842 864 cst
915 802 1084 865 hisce
1143 803 1417 867 -litteris,
1454 820 1667 861 rerum
1734 812 1993 864 eventus
2006 846 2025 878 ,
2100 806 2527 885 quamobrem

446 905 748 966 maximas
821 907 1152 969 Foerstero
1219 907 1453 983 agimus
1522 904 1774 983 gratias,
1814 934 1819 940 ·
1860 906 1969 965 sed
2036 907 2259 985 quibus
2328 905 2529 966 causis

447 1027 838 1087 quorumque
883 1008 1166 1069 virorum·
1209 1008 1579 1068 auctoritate
1620 1009 1753 1069 sive
1794 1008 2055 1071 consilio
2096 1008 2321 1069 ductus
2366 1007 2529 1069 Gae-

445 1126 546 1169 εει·
597 1111 676 1169 ab
715 1110 980 1191 imperio
1023 1111 1328 1172 amoverit
1371 1110 1811 1185 Fridlandum‚
1874 1111 2053 1170 nullo
2096 1111 2283 1171 modo
2325 1128 2410 1171 ex
2450 1110 2545 1167 iis.

443 1210 834 1289 intelligitur.
904 1210 1196 1272 Attamen
1221 1212 1447 1273 notitia
1473 1232 1687 1271 eorum
1703 1252 1720 1285 ,
1764 1234 1921 1291 quae
1950 1215 2017 1273 in
2041 1214 2183 1273 aula
2210 1222 2345 1273 acta
2362 1221 2527 1285 sunt,

446 1324 590 1375 ante
633 1314 960 1378 Fridlandi
1013 1316 1371 1388 interitum,
1441 1316 1698 1375 maximi
1754 1316 2006 1375 videtur
2055 1336 2189 1375 esse
2230 1315 2527 1395 ponderis

441 1418 512 1476 iu
555 1417 1012 1494 disquisitione,
1077 1427 1287 1477 utrum
1329 1418 1469 1477 iure
1514 1418 1833 1477 damnatus
1876 1418 1959 1477 sit
1998 1420 2203 1493 Dux,·
2246 1436 2325 1476 an
2368 1436 2525 1495 pro,-

443 1516 664 1577 babilis
717 1520 798 1577 sit
840 1522 1153 1581 Foersteri
1196 1521 1276 1581 de
1311 1520 1583 1582 factione
1624 1522 1735 1581 illa
1776 1521 2096 1581 sententia.
2181 1520 2365 1579 Nunc
2406 1536 2551 1585 uu·-⁶

443 1628 572 1679 tem
614 1620 713 1679 his
755 1620 982 1682 litteris
1022 1623 1090 1682 id
1111 1632 1372 1683 tantum
1416 1624 1861 1703 comperimus,
1924 1623 2143 1701 quibus
2174 1606 2326 1683 viris
2358 1620 2525 1682 Cae-

443 1739 545 1779 sar
599 1736 841 1782 causam
901 1725 1318 1798 mandaverit,
1389 1744 1590 1804 neque
1646 1734 1853 1783 tamen
1906 1724 2157 1802 quinam
2202 1726 2341 1785 ‘viri-
2378 1724 2521 1783 fue·-

442 1823 619 1895 rint‚·
675 1844 944 1902 quorum
1002 1827 1494 1887 accusationibus
1550 1838 1613 1887 et
1676 1828 1912 1893 insidiis
1956 1826 2329 1889 Fridlandus
2374 1846 2524 1905 per-

447 1924 613 1983 ditus
655 1926 754 1989 sit.

612 2026 990 2093 Perscrutati
1017 2031 1208 2109 igitur
1235 2033 1535 2095 rat-ionem
1555 2078 1571 2109 ,
1608 2055 1735 2113 ⁴qua
1759 2036 2119 2096 Foersterus
2144 2052 2246 2093 res
2270 2052 2307 2090 a
2331 2030 2551 2093 Fridm
2618 2048 2623 2054 ·

441 2126 629 2189 laudo
683 2139 878 2209 gestas
919 2135 1361 2213 interpretatus
1405 2146 1499 2195 est
1540 2147 1725 2215 atque
1768 2136 2081 2209 defendit,
2155 2136 2323 2195 haud
2365 2154 2523 2213 pau-

444 2252 544 2302 ca,
621 2242 777 2311 quae
833 2247 940 2296 aut
993 2236 1258 2296 veritate
1311 2235 1565 2293 omnino
1623 2236 2089 2297 documentisve
2144 2246 2359 2298 carent
2410 2247 2521 2295 aut

441 2333 608 2393 inter
647 2357 714 2395 se
753 2349 1060 2418 pugnant,
1125 2337 1479 2397 invenimus
1521 2338 1641 2410 ita,
1704 2347 1775 2396 ut
1814 2358 2029 2400 veram
2071 2358 2201 2397 esse
2243 2337 2521 2399 eiusdem

441 2447 802 2518 rectamque.
831 2437 1204 2504 ⁴sententiam
1249 2457 1376 2502 non
1414 2440 1751 2504 credamus.
2086 2507 2091 2510 ¹

617 2541 778 2601 Nam
847 2563 1050 2622 neque
1111 2545 1364 2604 omnino
1427 2564 1673 2608 assensu
1736 2543 1978 2622 dignam
2040 2541 2217 2605 nobis
2280 2540 2569 2620 ingredi·

441 2645 614 2706 viam
653 2644 937 2716 videtur,
1012 2645 1120 2722 qui
1161 2645 1228 2704 in
1270 2644 1699 2724 disquisitione
1735 2645 2269 2724 aliqua'historica
2309 2663 2521 2716 rerum

441 2755 752 2824 gestarum
819 2755 1133 2820 naturam,
1219 2768 1258 2806 a
1330 2745 1733 2826 scriptoribus
1806 2749 2139 2810 memoriae
2208 2747 2519 2818 traditam,

344 2867 352 2876 ·
443 2849 752 2908 contraria
803 2848 1046 2907 ratione
1098 2849 1573 2928 interpretatur,
1644 2859 1708 2910 et
1749 2852 1839 2911 ita
1895 2851 2103 2912 omnia
2144 2851 2326 2930 plane
2368 2871 2523 2918 con,-

442 2950 686 3022 turbat,
769 2970 839 3009 ac
905 2959 1040 3011 tum
1109 2952 1415 3028 imprimis
1482 2953 1885 3031 improbanda
1958 2965 2051 3017 est
2122 2953 2272 3028 haec
2318 2955 2517 3024 ratio„

360 3123 366 3130 .
445 3071 638 3130 quum
697 3051 778 3110 ad
829 3069 1086 3126 novam,
1154 3063 1311 3130 quae
1353 3053 1667 3131 proposita
1712 3063 1833 3127 est,
1902 3055 2335 3116 vindicandam
2376 3075 2523 3116 sen-

444 3157 703 3218 tentiam
755 3177 855 3218 res
908 3157 1174 3216 veritate
1229 3155 1695 3216 documentisve
1750 3167 2027 3218 carentes
2072 3159 2244 3236 quasi
2284 3177 2523 3221 summa

442 3259 812 3323 auctoritate
853 3258 1128 3318 firmatae
1170 3256 1639 3338 protrahuntur.
1725 3260 1979 3322 Rectius
2020 3271 2225 3322 autem
2265 3281 2383 3320 nos.
2420 3260 2525 3320 fa-

445 3380 590 3421 cere
641 3369 958 3442 putamus,
1032 3379 1252 3437 quum,
1324 3359 1781 3419 accuratissime
1831 3360 2079 3440 quidem
2120 3383 2328 3422 rerum
2373 3343 2523 3440 per—⁵—

443 3465 707 3523 scrutati
753 3472 1035 3522 naturam
1089 3470 1276 3542 atque
1331 3483 1404 3524 ea
1416 3505 1436 3537 ‚
1505 3482 1663 3542 quae
1702 3463 1835 3527 sibi
1875 3462 2210 3524 dissideant
2246 3465 2351 3524 vel
2372 3465 2525 3526 ‚fal-

441 3586 510 3625 sa
563 3567 690 3625 siut
741 3564 1132 3637 molientes,
1195 3573 1404 3625 tamen
1454 3565 1837 3637 universam,
1905 3587 2086 3644 quam
2130 3565 2525 3628 tradiderunt

436 3667 756 3747 aequales,
837 3684 1051 3729 rerum
1121 3667 1601 3748 explicationem
1662 3677 1978 3727 teneamus
1990 3705 2039 3740 ‚,
2068 3667 2330 3727 ‘etiamsi
2396 3689 2521 3748 quo

441 3769 629 3830 modo
670 3770 1012 3850 implicitae
1054 3769 1211 3842 sint,
1276 3787 1405 3828 non
1444 3771 1629 3849 plane
1670 3787 1782 3826 nos
1823 3767 2209 3829 intellexisse
2250 3755 2527 3834 libenter

441 3874 766 3954 fateamur.
829 3857 1106 3955 'Saepius
1153 3869 1320 3931 enit'n
1363 3870 1502 3933 fieri
1538 3872 1726 3944 solet,
1783 3879 1967 3951 atque
1990 3867 2321 3941 Foerstero
2352 3895 2523 3960 *gquo-

437 3997 570 4054 -que,
621 3975 874 4050 accidit,
947 3987 1019 4036 ut
1077 3975 1228 4036 dum
1284 3975 1543 4036 liberata
1590 3959 1787 4058 partis
1824 3975 2079 4038 alterius
2120 3977 2194 4036 ab
2222 3964 2526 4056 ‚omuibus

448 4077 700 4137 maculis
743 4076 1129 4152 innocentia,
1187 4078 1346 4143 bssne
1388 4079 1685 4140 meruisse
1710 4077 1864 4158 ‘quis
1901 4079 2146 4156 eredat,
2177 4080 2354 4160 ipse*-
2374 4101 2523 4162 par-
