2817 4825
997 456 1646 527 ...„...3.·......

273 643 468 715 -timo,
540 660 680 701 cum
724 639 1072 721 paciscendi
1113 640 1210 700 ius
1253 659 1288 701 a
1339 634 1601 703 Caesare
1642 640 1917 723 Augusto
1957 646 2081 720 iam
2120 646 2356 713 dudum

275 742 342 802 ei
389 744 786 803 commissum
829 743 1076 815 fuisset,
1151 762 1293 803 cum
1330 742 1611 805 hostibus
1651 747 1899 825 egisset,
1950 766 2170 831 -neque
2210 774 2355 817 eum

281 846 348 903 in
381 846 598 917 finem,
655 852 756 917 ut,
812 844 978 923 quod
1014 844 1355 905 adversarii
1385 846 1718 919 iactarem,
1762 848 1841 907 ad
1872 849 2357 917 Protestantium

277 956 488 1027 partes
541 945 836 1006 transiret
889 946 1256 1025 bellumque
1278 957 1515 1007 contra
1556 948 2001 1027 Imperatorem
2054 968 2359 1020 moveret.

283 1050 398 1109 Fas
442 1068 572 1108 esse
613 1046 819 1105 animo
861 1056 1183 1126 reputare,
1237 1056 1618 1129 quantopere
1656 1049 2050 1116 Fridlandiae
2081 1057 2237 1117 Dux
2275 1058 2356 1119 de

274 1150 542 1209 Caesare
571 1149 846 1229 Augusto
891 1151 1062 1209 omni
1100 1160 1384 1229 tempore
1424 1152 1683 1213 meritus
1724 1153 1823 1215 sit.
1906 1154 2054 1216 Non
2087 1159 2359 1219 creden-

279 1250 434 1311 dum
477 1252 616 1312 fieri
653 1250 957 1333 potuisse,
1011 1262 1082 1311 ut
1123 1253 1262 1311 talis
1305 1262 1635 1331 tantusque
1671 1256 1773 1315 vir
1802 1258 2145 1320 innumeris
2177 1262 2353 1323 insu-⁶-

276 1372 394 1433 per
433 1354 724 1433 praemiis
767 1366 1018 1413 ornatus
1062 1354 1382 1415 dominum
1418 1365 1675 1435 repente
1718 1358 2052 1419 desereret.
2081 1358 2143 1439 ⁶)

455 1456 600 1531 Quo
653 1456 800 1515 fere.
844 1454 1030 1514 modo
1085 1452 1435 1534 aequalium
1488 1468 1659 1535 pars,
1726 1458 2045 1523 interioris
2095 1460 2206 1523 illa
2245 1448 2355 1525 re-

279 1576 423 1619 rum
464 1569 772 1639 gestarum
813 1558 1073 1617 notitiae
1108 1577 1361 1638 expers,
1415 1557 1787 1638 proditionis
1820 1562 2124 1624 maculam
2154 1566 2355 1627 Frid-

278 1662 467 1722 iando
509 1663 677 1721 Duci
731 1660 1079 1738 adspersam
1139 1660 1390 1721 abluere
1434 1661 1691 1723 studuit.
1780 1664 1953 1741 Quid
1993 1666 2359 1729 Protestan..

281 1760 440 1821 tium
494 1763 804 1843 principes
861 1783 939 1821 ac-
972 1762 1276 1842 primores
1318 1760 1436 1841 hac
1478 1762 1556 1821 de
1596 1782 1667 1821 re
1708 1766 2037 1841 senserint,
2102 1770 2352 1847 quaeri-

281 1864 426 1923 tur?
509 1868 864 1926 Memoratu
908 1864 1161 1941 dignum
1201 1862 1484 1939 videtur,
1538 1864 1699 1923 nihil
1740 1868 1817 1927 ab
1860 1866 1937 1926 iis
1968 1869 2214 1947 publica
2250 1871 2352 1951 ip*

279 1984 487 2023 sorum
551 1968 916 2026 auctoritate
973 1984 1102 2023 esse
1155 1963 1560 2043 divulgatum.
1662 1965 1899 2026 Verum
1957 1970 2008 2027 si
2058 1972 2348 2032 Fridlaffi

279 2064 394 2125 dus
449 2064 528 2127 de
569 2086 718 2146 pace
759 2076 1000 2129 tantum
1043 2069 1258 2149 egisset
1303 2087 1446 2127 cum
1486 2065 1592 2142 iis,
1664 2067 1831 2130 salva
1872 2071 2145 2134 utilitate
2186 2074 2348 2135 Cae-

276 2168 428 2229 saris
479 2170 739 2248 Augusti
805 2169 1052 2248 fideque
1115 2189 1257 2250 erga
1317 2170 1555 2249 ipsum,
1620 2190 1802 2249 quam
1859 2172 1939 2231 ob
1994 2180 2236 2237 causam
2276 2178 2348 2239 id

279 2289 406 2330 non
466 2270 729 2353 professi
793 2272 980 2332 sunt?
1081 2273 1211 2332 Sibi
1269 2270 1419 2350 ipsis
1488 2272 1650 2330 enim
1716 2272 2201 2351 proclamatione
2254 2296 2346 2353 ea,

278 2380 351 2431 ut
405 2372 584 2432 nobis
636 2372 915 2448 videtur,
986 2377 1261 2435 omnium
1320 2373 1457 2432 fere
1510 2375 1857 2453 aequalium
1914 2377 2151 2441 animos
2190 2400 2347 2442 con-¹

277 2474 685 2546 ciliavissent,
758 2475 1003 2536 Caesari
1044 2477 1322 2555 Augusto
1377 2486 1584 2536 autem
1639 2496 1767 2537 non
1819 2477 2021 2540 solum
2062 2485 2347 2544 auctori-

280 2585 462 2634 tatem
483 2621 496 2648 ,
559 2597 678 2654 qua
719 2578 882 2655 apud
923 2581 1336 2638 Protestantes
1379 2577 1673 2657 quosdam
1716 2577 2052 2641 etiamtunc
2090 2583 2347 2644 frueba-

280 2687 412 2755 tur,
475 2679 584 2736 sed
635 2679 819 2738 etiam
862 2680 1133 2740 militum
1177 2699 1431 2740 suorum
1474 2677 1662 2738 fidem
1704 2698 1774 2738 ae
1814 2679 2089 2744 studium
2130 2685 2347 2746 abstu-

80 2759 82 2761 i
162 2868 174 2874 -
274 2779 521 2852 lissent,
594 2780 822 2860 quippe
884 2784 992 2863 qui
1059 2783 1137 2841 de
1197 2776 1605 2861 impetrandis
1667 2780 1965 2860 impigrae
2024 2793 2091 2844 et
2140 2783 2341 2847 fidelis

275 2879 533 2940 militiae
573 2882 863 2962 praemiis
907 2882 1409 2961 desperavissent.

446 2985 714 3044 Tantum
760 2985 989 3058 abfuit,
1051 2995 1122 3046 ut
1157 2983 1459 3045 eiusmodi
1493 2981 1643 3062 quid
1678 2992 1955 3060 agerent,
2012 2993 2085 3046 ut
2117 2985 2341 3048 Ludo-

272 3087 447 3148 vicus
478 3085 656 3144 XIII.
703 3087 1243 3168 Francogallorum
1284 3088 1455 3159 Rex,
1524 3105 1718 3166 quum
1758 3085 2082 3148 Fridhndi
2136 3089 2343 3151 exitus

274 3189 693 3262 nuntiaretur,
769 3186 1176 3249 exclamaret:
1252 3188 1355 3247 Sic
1417 3205 1630 3246 omnes
1676 3195 1936 3266 pereant
1985 3188 2341 3270 principum

274 3287 632 3361 traditores!
737 3289 926 3366 Quod
989 3288 1174 3369 Regis
1235 3287 1470 3349 dictum
1531 3306 1722 3369 quum
1768 3286 2053 3349 Richelio
2110 3288 2349 3356 Cardi-

272 3388 398 3450 nali
437 3391 812 3467 referretur,
867 3389 1274 3452 vehementer
1315 3401 1688 3466 commotus,
1746 3410 1874 3452 non
1914 3401 2085 3453 recte
2126 3393 2345 3455 fecisse

272 3490 435 3551 dixit
479 3493 742 3572 Regem,
801 3514 1024 3573 quum,
1083 3495 1232 3574 quid
1269 3495 1559 3569 sentiret,
1617 3495 1828 3572 aperte
1866 3494 2215 3554 recluserit.
2256 3525 2341 3539 --

278 3593 563 3654 Meminit
601 3593 975 3668 cardinalis,
1017 3625 1102 3638 —
1154 3593 1525 3656 narrationis
1558 3601 1777 3654 auctor
1806 3591 2076 3669 addidit,
2110 3627 2193 3640 —-
2235 3617 2332 3657 ea-

267 3713 412 3755 rum
455 3715 696 3771 rerum,
753 3717 898 3775 quas
942 3716 1082 3756 cum
1124 3695 1464 3756 Fridlando
1505 3695 1637 3776 ipse
1676 3702 2064 3757 tractaverat.
2095 3696 2154 3776 ⁷)

338 3858 404 3924 4³)
449 3857 516 3908 cf.
552 3855 867 3925 &mantuane
901 3855 1272 3925 ffiefdyreibunfl
1308 3869 1374 3914 ac.

338 3944 403 4010 7)
448 3943 516 3994 cf.
566 3943 613 3995 le
653 3945 822 3996 Clerc:
883 3947 962 3996 La
1009 3948 1099 3998 vie
1138 3945 1441 4002 d'Armand
1472 3947 1604 3998 Jean
1640 3943 1895 3997 cardinal
1929 3942 1998 3995 de
2031 3945 2338 4027 Richelieu3

402 4032 581 4079 Amst.
611 4027 761 4081 1714.
808 4032 976 4081 T.11.
1013 4051 1070 4100 p.
1098 4030 1213 4083 152.
1285 4031 1600 4084 leVassor:
1657 4031 1897 4082 Histoire
1941 4030 2016 4081 du
2060 4029 2225 4099 regne
2271 4031 2340 4082 de

405 4116 570 4168 Louis
597 4116 746 4168 xm.
799 4115 976 4171 Amet.
1007 4119 1157 4174 1705.
1208 4103 1423 4173 T.V1'1.
1460 4121 1519 4172 P.
1544 4120 1596 4170 2.
1633 4138 1690 4189 p.
1712 4114 1869 4172 41s.=
1892 4118 2009 4259 1¹⁴⁴?
2043 4119 2144 4168 Roi
2186 4126 2339 4169 ues-
