2817 4825
17 4337 82 4418 λ

1103 432 1807 503 ...ῃ-...-

423 632 564 671 nam
619 621 1049 675 convenerunt
1062 659 1079 692 ,
1143 615 1312 678 inter
1353 639 1537 698 quam
1578 618 1817 681 litteras
1832 662 1848 693 ,
1920 619 1997 680 de
2042 620 2261 701 quibus
2304 622 2490 683 modo

423 712 726 790 diximus,
793 726 954 778 ratas
1009 718 1317 781 habendas
1360 730 1763 801 acceperunt,
1832 723 2181 783 subdititiae
2224 724 2491 802 quidem,

419 816 628 877 verbis
644 859 660 890 ,
749 840 908 900 quae
973 821 1051 881 ad
1111 821 1300 883 fidem
1375 822 1624 883 Caesari
1690 822 2053 885 servandam
2128 832 2491 904 spectarent,

421 919 681 979 omissis.
764 922 890 983 Sed
942 922 1202 985 fuerunt
1255 924 1364 1004 qui
1411 944 1541 985 non
1591 926 1779 1005 plane
1821 926 2259 986 consentirent.
2348 928 2494 1003 Quo

419 1019 588 1079 facto
643 1032 893 1101 postero
949 1026 1052 1083 die
1094 1025 1568 1107 Scherffenberg
1623 1036 1687 1086 et
1726 1026 2121 1106 Schafgotsch
2137 1071 2154 1103 ,
2220 1027 2495 1091 militum

419 1122 719 1203 praefecti
731 1169 750 1199 ‚
805 1125 909 1186 hic
946 1128 1016 1186 in
1056 1128 1332 1188 Silesiam
1343 1171 1361 1204 ,
1417 1129 1533 1191 ille
1570 1129 1640 1189 in
1670 1124 1981 1191 Austriam
2024 1130 2294 1209 profecti
2330 1142 2493 1205 sunt,

419 1223 702 1285 tribunos
749 1228 1020 1288 militum
1061 1228 1152 1289 ibi
1192 1238 1644 1318 commorantes
1683 1231 1920 1291 eisdem
1958 1234 2191 1293 artibus
2230 1216 2495 1313 corrup-

421 1329 570 1389 turi.
657 1328 879 1391 Caesar
917 1326 1228 1412 Augustus
1267 1343 1501 1410 autem,
1558 1352 1718 1413 quae
1750 1336 2082 1395 moliretur
2105 1320 2493 1395 ffidldindus

420 1440 704 1490 accurate
745 1444 1100 1513 compertus
1111 1478 1131 1509 ,
1200 1457 1345 1497 eum
1390 1438 1677 1498 exercitu
1716 1437 1980 1512 amovit,
2045 1446 2108 1494 et
2145 1437 2493 1517 praefectos

418 1532 543 1591 iam
599 1533 716 1594 sibi
768 1538 1236 1614 reconciliatos,
1306 1550 1381 1601 nt
1433 1541 1617 1599 irrita
1671 1539 1949 1599 facerent
2004 1538 2176 1598 ducis
2218 1538 2491 1612 consilia,

419 1634 722 1695 mandatis
759 1636 1075 1701 instruxit.
1162 1642 1328 1701 Tum
1361 1642 1763 1717 Fridlandus,
1816 1640 2100 1700 omnibus
2140 1640 2277 1701 fere
2308 1628 2491 1719 prae-

417 1737 601 1797 fectis
669 1737 748 1795 ad
816 1738 1142 1803 Caesarem
1207 1744 1719 1819 desciscentibus,
1798 1746 2068 1804 Pnsnam
2133 1742 2489 1820 relinquens

417 1837 669 1916 Agriae,
734 1842 1093 1904 Bernhardo
1147 1846 1503 1903 Saxonico-
1520 1846 1872 1906 Vinariensi
1912 1847 2093 1903 Duce
2147 1850 2489 1917 cunctante,

418 1940 713 2001 vicesimo
755 1954 977 2024 quarto
1017 1966 1098 2007 m.
1141 1946 1324 2008 Febr.
1369 1946 1474 2008 die
1512 1948 1879 2009 interfectus
1922 1954 2033 2004 est.

1265 2144 1455 2219 Car.
1500 2144 1641 2219 III.

845 2299 1396 2370 Fridericus
1483 2302 2067 2369 Foersterus.

585 2466 970 2543 Quamquam
1013 2465 1202 2543 igitur
1243 2463 1770 2526 Khevenbillerus
1810 2473 1874 2524 et
1915 2465 2220 2546 copiosius
2264 2473 2327 2524 et
2363 2484 2485 2545 pu·-

415 2567 622 2640 blicis,
690 2579 764 2629 ut
806 2589 887 2627 ex
927 2569 1120 2649 ipsius
1161 2567 1370 2631 verbis
1405 2567 1698 2644 colligere
1738 2566 1915 2642 licet,
1983 2566 2267 2626 subsidiis
2308 2566 2485 2624 litte-

385 2671 592 2730 'rariis
635 2673 972 2731 instructus
1003 2677 1245 2743 rerum,
1289 2690 1437 2748 quas
1472 2670 1845 2732 Fridlandus
1884 2669 2134 2730 molitus
2172 2679 2292 2743 est,
2349 2691 2485 2745 me-

413 2772 674 2832 moriam
712 2773 998 2846 tradidit,
1060 2782 1267 2832 tamen
1307 2773 1364 2830 ei
1408 2791 1535 2832 non
1578 2772 1862 2850 contigit,
1919 2782 1991 2831 ut
2033 2791 2277 2831 omnem
2319 2771 2484 2852 apud

410 2883 694 2953 posteros
747 2875 1196 2934 dubitationem
1238 2873 1511 2934 tolleret.
1596 2871 2127 2932 Perscrutantibus
2170 2872 2333 2929 euim
2375 2892 2483 2931 ac·-

411 2977 684 3036 curatius
739 2975 1064 3036 Fridlandi
1125 2975 1450 3036 historiam
1514 2973 1759 3052 semper
1811 2980 1958 3034 sunt
2018 2954 2321 3032 non-nulla
2374 2994 2483 3032 re-

408 3089 618 3158 perta,
679 3099 863 3158 quae,
925 3078 1067 3156 quia
1108 3090 1324 3138 auctor
1367 3067 1725 3137 Austriacus
1767 3076 2138 3135 documenta
2179 3077 2309 3152 ipsa
2354 3094 2481 3134 non

408 3181 664 3253 adiecit,
747 3179 1121 3242 dubitationi
1181 3180 1466 3243 veritatis
1536 3178 1804 3256 speciem
1866 3177 2261 3256 suppeditare
2324 3158 2482 3257 pos*-

406 3293 562 3343 sent,
663 3283 834 3359 Quid
875 3282 1086 3342 enim?
1187 3282 1316 3358 Qui
1355 3281 1589 3341 sactum
1630 3289 1752 3354 est,
1824 3299 2105 3358 quaeras,
2177 3287 2248 3337 ut
2292 3277 2481 3339 Frid-

402 3385 656 3455 landus,
716 3386 770 3444 si
812 3385 1060 3464 quidem
1101 3384 1161 3442 ei
1203 3401 1364 3443 anno
1410 3378 1593 3442 1633.
1638 3382 1707 3440 in
1748 3381 1967 3441 Silesia
2006 3403 2149 3442 cum
2192 3383 2479 3456 Evange—

403 3484 542 3543 licis
607 3483 884 3545 inducias
943 3483 1275 3564 paciscenti
1340 3503 1375 3541 a
1440 3481 1700 3543 Caesare
1758 3481 2035 3561 Augusto
2100 3479 2478 3543 desciscendi

401 3587 529 3646 fuit
585 3585 855 3669 animm,
924 3584 1270 3646 cunctando
1326 3595 1571 3666 tempus
1616 3591 1851 3645 tereret
1911 3588 2346 3665 pactionesque
2397 3580 2478 3641 ad

401 3687 588 3750 finem
642 3707 837 3770 paene
891 3687 1182 3747 adductas
1235 3685 1578 3746 identidem
1626 3685 1924 3745 tolleret?
2024 3687 2211 3761 Quod
2264 3684 2479 3744 Ratis-

401 3809 598 3871 ponae
653 3811 689 3848 a
739 3788 1106 3850 Bernhardo
1159 3789 1339 3847 Duce
1394 3787 1670 3848 obsessae
1726 3807 1907 3867 opem
1966 3787 2133 3848 ferre
2186 3787 2385 3848 iussus
2438 3807 2476 3846 a

403 3891 665 3952 Caesare
702 3895 979 3972 Augusto
1035 3898 1352 3969 cunctatus
1403 3891 1517 3964 sit,
1589 3890 1754 3968 quod
1811 3889 2154 3950 exercitum
2192 3910 2263 3949 re
2305 3888 2472 3948 infe-

401 4002 500 4055 cta
547 3993 616 4052 in
669 3991 927 4054 hiberna
966 3992 1296 4052 Bohemica
1335 3993 1694 4066 reduxerit,
1763 3992 1830 4052 id
1874 3991 2039 4071 quod
2080 3990 2470 4054 Khevenhil-

397 4097 564 4158 letus
616 4104 690 4158 ut
741 4095 1156 4176 proditionem
1217 4096 1274 4155 ei
1329 4095 1805 4177 exprobaverit,
1850 4127 1931 4140 --
1982 4095 2168 4180 „haud
2220 4091 2467 4153 difficile
