<?xml version="1.0" encoding="UTF-8"?>
<!DOCTYPE html PUBLIC "-//W3C//DTD XHTML 1.0 Transitional//EN"
    "http://www.w3.org/TR/xhtml1/DTD/xhtml1-transitional.dtd">
<html xmlns="http://www.w3.org/1999/xhtml" xml:lang="en" lang="en">
 <head>
  <title>
</title>
<meta http-equiv="Content-Type" content="text/html;charset=utf-8" />
  <meta name='ocr-system' content='tesseract 3.04.00' />
  <meta name='ocr-capabilities' content='ocr_page ocr_carea ocr_par ocr_line ocrx_word'/>
</head>
<body>
  <div class='ocr_page' id='page_1' title='image "./dealbertowaldst00roepgoog_0021.png"; bbox 0 0 2817 4825; ppageno 0'>
   <div class='ocr_carea' id='block_1_1' title="bbox 981 420 1688 497">
    <p class='ocr_par' dir='ltr' id='par_1_1' title="bbox 981 420 1688 497">
     <span class='ocr_line' id='line_1_1' title="bbox 981 420 1688 497; baseline -0.006 -14"><span class='ocrx_word' id='word_1_1' title='bbox 981 420 1688 497; x_wconf 50' lang='grc' dir='ltr'>*ιι-..-</span> 
     </span>
    </p>
   </div>
   <div class='ocr_carea' id='block_1_2' title="bbox 293 603 2410 4151">
    <p class='ocr_par' dir='ltr' id='par_1_2' title="bbox 293 603 2410 4151">
     <span class='ocr_line' id='line_1_2' title="bbox 293 603 2375 687; baseline -0.009 -8"><span class='ocrx_word' id='word_1_2' title='bbox 293 611 600 679; x_wconf 80' lang='lat' dir='ltr'><strong>auxilium</strong></span> <span class='ocrx_word' id='word_1_3' title='bbox 656 631 693 673; x_wconf 87' lang='lat' dir='ltr'><strong>a</strong></span> <span class='ocrx_word' id='word_1_4' title='bbox 715 606 997 673; x_wconf 43' lang='lat' dir='ltr'><strong>‘Caesare</strong></span> <span class='ocrx_word' id='word_1_5' title='bbox 1039 606 1314 687; x_wconf 74' lang='lat' dir='ltr'><strong>Augusto</strong></span> <span class='ocrx_word' id='word_1_6' title='bbox 1357 603 1598 687; x_wconf 80' lang='lat' dir='ltr'><strong>petiit‚.</strong></span> <span class='ocrx_word' id='word_1_7' title='bbox 1634 604 1763 683; x_wconf 69' lang='lat' dir='ltr'><strong>qui</strong></span> <span class='ocrx_word' id='word_1_8' title='bbox 1802 612 2083 669; x_wconf 82' lang='lat' dir='ltr'><strong>metuens</strong></span> <span class='ocrx_word' id='word_1_9' title='bbox 2126 624 2206 665; x_wconf 83' lang='lat' dir='ltr'><strong>ne</strong></span> <span class='ocrx_word' id='word_1_10' title='bbox 2245 605 2375 664; x_wconf 54' lang='lat' dir='ltr'><strong>Ra„</strong></span> 
     </span>
     <span class='ocr_line' id='line_1_3' title="bbox 293 704 2375 796; baseline -0.007 -18"><span class='ocrx_word' id='word_1_11' title='bbox 293 718 538 796; x_wconf 84' lang='lat' dir='ltr'><strong>tispona</strong></span> <span class='ocrx_word' id='word_1_12' title='bbox 579 720 753 793; x_wconf 85' lang='lat' dir='ltr'><strong>capta</strong></span> <span class='ocrx_word' id='word_1_13' title='bbox 791 711 874 771; x_wconf 84' lang='lat' dir='ltr'><strong>in·</strong></span> <span class='ocrx_word' id='word_1_14' title='bbox 901 707 1220 771; x_wconf 83' lang='lat' dir='ltr'><strong>Austriam</strong></span> <span class='ocrx_word' id='word_1_15' title='bbox 1257 704 1625 769; x_wconf 84' lang='lat' dir='ltr'><strong>Bernhardo</strong></span> <span class='ocrx_word' id='word_1_16' title='bbox 1665 704 1834 765; x_wconf 79' lang='lat' dir='ltr'><strong>Duci</strong></span> <span class='ocrx_word' id='word_1_17' title='bbox 1874 706 2076 767; x_wconf 85' lang='lat' dir='ltr'><strong>aditus</strong></span> <span class='ocrx_word' id='word_1_18' title='bbox 2119 712 2375 785; x_wconf 83' lang='lat' dir='ltr'><strong>pateret,</strong></span> 
     </span>
     <span class='ocr_line' id='line_1_4' title="bbox 297 806 2379 899; baseline -0.007 -21"><span class='ocrx_word' id='word_1_19' title='bbox 297 837 486 899; x_wconf 82' lang='lat' dir='ltr'><strong>quam</strong></span> <span class='ocrx_word' id='word_1_20' title='bbox 536 812 862 875; x_wconf 80' lang='lat' dir='ltr'>celerrime</span> <span class='ocrx_word' id='word_1_21' title='bbox 911 830 980 869; x_wconf 88' lang='lat' dir='ltr'><strong>se</strong></span> <span class='ocrx_word' id='word_1_22' title='bbox 1034 809 1482 872; x_wconf 84' lang='lat' dir='ltr'><strong>subventurum</strong></span> <span class='ocrx_word' id='word_1_23' title='bbox 1527 806 1845 887; x_wconf 78' lang='lat' dir='ltr'><strong>pollicitus</strong></span> <span class='ocrx_word' id='word_1_24' title='bbox 1891 818 2001 868; x_wconf 90' lang='lat' dir='ltr'><strong>est.</strong></span> <span class='ocrx_word' id='word_1_25' title='bbox 2086 806 2379 870; x_wconf 83' lang='lat' dir='ltr'><strong>Fridlan-</strong></span> 
     </span>
     <span class='ocr_line' id='line_1_5' title="bbox 295 908 2381 989; baseline -0.007 -5"><span class='ocrx_word' id='word_1_26' title='bbox 295 920 414 983; x_wconf 71' lang='lat' dir='ltr'><strong>duc</strong></span> <span class='ocrx_word' id='word_1_27' title='bbox 466 926 703 988; x_wconf 85' lang='lat' dir='ltr'><strong>autem,</strong></span> <span class='ocrx_word' id='word_1_28' title='bbox 783 911 888 975; x_wconf 85' lang='lat' dir='ltr'><strong>eui</strong></span> <span class='ocrx_word' id='word_1_29' title='bbox 942 933 979 975; x_wconf 79' lang='lat' dir='ltr'><strong>a</strong></span> <span class='ocrx_word' id='word_1_30' title='bbox 1033 910 1296 975; x_wconf 75' lang='lat' dir='ltr'><strong>Caesare</strong></span> <span class='ocrx_word' id='word_1_31' title='bbox 1348 908 1625 989; x_wconf 79' lang='lat' dir='ltr'><strong>Augusto</strong></span> <span class='ocrx_word' id='word_1_32' title='bbox 1640 952 1661 983; x_wconf 88' lang='lat'><strong>,</strong></span> <span class='ocrx_word' id='word_1_33' title='bbox 1738 918 1813 970; x_wconf 88' lang='lat' dir='ltr'><strong>ut</strong></span> <span class='ocrx_word' id='word_1_34' title='bbox 1864 908 2160 971; x_wconf 83' lang='lat' dir='ltr'><strong>Bavariae</strong></span> <span class='ocrx_word' id='word_1_35' title='bbox 2208 908 2381 969; x_wconf 89' lang='lat' dir='ltr'><strong>Duci</strong></span> 
     </span>
     <span class='ocr_line' id='line_1_6' title="bbox 297 1012 2381 1089; baseline -0.009 -4"><span class='ocrx_word' id='word_1_36' title='bbox 297 1024 715 1089; x_wconf 71' lang='lat' dir='ltr'><strong>succurreret,</strong></span> <span class='ocrx_word' id='word_1_37' title='bbox 785 1014 1145 1079; x_wconf 81' lang='lat' dir='ltr'><strong>mandatum</strong></span> <span class='ocrx_word' id='word_1_38' title='bbox 1188 1022 1322 1075; x_wconf 84' lang='lat' dir='ltr'><strong>erat</strong></span> <span class='ocrx_word' id='word_1_39' title='bbox 1336 1056 1355 1087; x_wconf 92' lang='lat'><strong>,</strong></span> <span class='ocrx_word' id='word_1_40' title='bbox 1424 1012 1766 1073; x_wconf 77' lang='lat' dir='ltr'><strong>lentissime</strong></span> <span class='ocrx_word' id='word_1_41' title='bbox 1792 1020 2050 1071; x_wconf 64' lang='lat' dir='ltr'><strong>tantum</strong></span> <span class='ocrx_word' id='word_1_42' title='bbox 2090 1028 2381 1089; x_wconf 65' lang='lat' dir='ltr'><strong>progres-</strong></span> 
     </span>
     <span class='ocr_line' id='line_1_7' title="bbox 297 1109 2382 1197; baseline -0.006 -12"><span class='ocrx_word' id='word_1_43' title='bbox 297 1144 430 1195; x_wconf 83' lang='lat' dir='ltr'><strong>sus,</strong></span> <span class='ocrx_word' id='word_1_44' title='bbox 495 1120 832 1197; x_wconf 84' lang='lat' dir='ltr'><strong>Ratispona</strong></span> <span class='ocrx_word' id='word_1_45' title='bbox 885 1126 1062 1197; x_wconf 81' lang='lat' dir='ltr'><strong>capta</strong></span> <span class='ocrx_word' id='word_1_46' title='bbox 1117 1116 1186 1175; x_wconf 89' lang='lat' dir='ltr'><strong>in</strong></span> <span class='ocrx_word' id='word_1_47' title='bbox 1226 1114 1588 1175; x_wconf 84' lang='lat' dir='ltr'><strong>Bohemiam</strong></span> <span class='ocrx_word' id='word_1_48' title='bbox 1645 1114 1991 1175; x_wconf 83' lang='lat' dir='ltr'><strong>exercitum</strong></span> <span class='ocrx_word' id='word_1_49' title='bbox 2036 1132 2109 1172; x_wconf 91' lang='lat' dir='ltr'><strong>re</strong></span> <span class='ocrx_word' id='word_1_50' title='bbox 2150 1109 2382 1173; x_wconf 71' lang='lat' dir='ltr'><strong>infecta</strong></span> 
     </span>
     <span class='ocr_line' id='line_1_8' title="bbox 299 1215 2381 1295; baseline -0.007 -7"><span class='ocrx_word' id='word_1_51' title='bbox 299 1224 378 1289; x_wconf 84' lang='lat' dir='ltr'><strong>ad</strong></span> <span class='ocrx_word' id='word_1_52' title='bbox 431 1222 694 1285; x_wconf 84' lang='lat' dir='ltr'><strong>hiberna</strong></span> <span class='ocrx_word' id='word_1_53' title='bbox 743 1218 1020 1281; x_wconf 80' lang='lat' dir='ltr'><strong>reduxit.</strong></span> <span class='ocrx_word' id='word_1_54' title='bbox 1108 1218 1255 1295; x_wconf 75' lang='lat' dir='ltr'><strong>Qua</strong></span> <span class='ocrx_word' id='word_1_55' title='bbox 1307 1239 1378 1280; x_wconf 86' lang='lat' dir='ltr'><strong>rc</strong></span> <span class='ocrx_word' id='word_1_56' title='bbox 1432 1216 1619 1279; x_wconf 81' lang='lat' dir='ltr'><strong>valde</strong></span> <span class='ocrx_word' id='word_1_57' title='bbox 1668 1216 1937 1279; x_wconf 82' lang='lat' dir='ltr'><strong>offensus</strong></span> <span class='ocrx_word' id='word_1_58' title='bbox 1982 1215 2205 1274; x_wconf 82' lang='lat' dir='ltr'><strong>Caesar</strong></span> <span class='ocrx_word' id='word_1_59' title='bbox 2244 1216 2381 1275; x_wconf 82' lang='lat' dir='ltr'><strong>Au-</strong></span> 
     </span>
     <span class='ocr_line' id='line_1_9' title="bbox 301 1316 2381 1406; baseline -0.004 -20"><span class='ocrx_word' id='word_1_60' title='bbox 301 1334 516 1406; x_wconf 75' lang='lat' dir='ltr'><strong>gustus</strong></span> <span class='ocrx_word' id='word_1_61' title='bbox 565 1322 770 1391; x_wconf 71' lang='lat' dir='ltr'><strong>denuo</strong></span> <span class='ocrx_word' id='word_1_62' title='bbox 813 1318 1209 1381; x_wconf 75' lang='lat' dir='ltr'><strong>Fridlandiae</strong></span> <span class='ocrx_word' id='word_1_63' title='bbox 1247 1319 1419 1379; x_wconf 88' lang='lat' dir='ltr'><strong>Duci</strong></span> <span class='ocrx_word' id='word_1_64' title='bbox 1472 1316 1823 1391; x_wconf 77' lang='lat' dir='ltr'><strong>mandavit,</strong></span> <span class='ocrx_word' id='word_1_65' title='bbox 1894 1326 1967 1377; x_wconf 88' lang='lat' dir='ltr'><strong>ut</strong></span> <span class='ocrx_word' id='word_1_66' title='bbox 2010 1337 2153 1379; x_wconf 86' lang='lat' dir='ltr'><strong>cum</strong></span> <span class='ocrx_word' id='word_1_67' title='bbox 2194 1335 2381 1377; x_wconf 81' lang='lat' dir='ltr'><strong>exer-</strong></span> 
     </span>
     <span class='ocr_line' id='line_1_10' title="bbox 303 1418 2381 1500; baseline -0.005 -13"><span class='ocrx_word' id='word_1_68' title='bbox 303 1426 434 1487; x_wconf 83' lang='lat' dir='ltr'><strong>citu</strong></span> <span class='ocrx_word' id='word_1_69' title='bbox 487 1424 782 1487; x_wconf 83' lang='lat' dir='ltr'><strong>adversus</strong></span> <span class='ocrx_word' id='word_1_70' title='bbox 835 1419 1043 1481; x_wconf 85' lang='lat' dir='ltr'><strong>hostes</strong></span> <span class='ocrx_word' id='word_1_71' title='bbox 1097 1420 1627 1500; x_wconf 83' lang='lat' dir='ltr'><strong>proficisceretur,</strong></span> <span class='ocrx_word' id='word_1_72' title='bbox 1696 1428 1804 1479; x_wconf 87' lang='lat' dir='ltr'><strong>aut</strong></span> <span class='ocrx_word' id='word_1_73' title='bbox 1858 1419 1912 1479; x_wconf 84' lang='lat' dir='ltr'><strong>si</strong></span> <span class='ocrx_word' id='word_1_74' title='bbox 1965 1420 2033 1479; x_wconf 90' lang='lat' dir='ltr'><strong>id</strong></span> <span class='ocrx_word' id='word_1_75' title='bbox 2072 1418 2219 1479; x_wconf 85' lang='lat' dir='ltr'><strong>fieri</strong></span> <span class='ocrx_word' id='word_1_76' title='bbox 2252 1436 2381 1479; x_wconf 89' lang='lat' dir='ltr'><strong>non</strong></span> 
     </span>
     <span class='ocr_line' id='line_1_11' title="bbox 301 1520 2383 1609; baseline -0.003 -24"><span class='ocrx_word' id='word_1_77' title='bbox 301 1534 541 1609; x_wconf 83' lang='lat' dir='ltr'><strong>posset,</strong></span> <span class='ocrx_word' id='word_1_78' title='bbox 609 1521 941 1595; x_wconf 83' lang='lat' dir='ltr'><strong>Bohemia‚</strong></span> <span class='ocrx_word' id='word_1_79' title='bbox 1009 1541 1165 1601; x_wconf 82' lang='lat' dir='ltr'><strong>quae</strong></span> <span class='ocrx_word' id='word_1_80' title='bbox 1221 1522 1431 1604; x_wconf 87' lang='lat' dir='ltr'><strong>priore</strong></span> <span class='ocrx_word' id='word_1_81' title='bbox 1474 1520 1603 1579; x_wconf 87' lang='lat' dir='ltr'><strong>iam</strong></span> <span class='ocrx_word' id='word_1_82' title='bbox 1644 1528 1923 1601; x_wconf 81' lang='lat' dir='ltr'><strong>tempore</strong></span> <span class='ocrx_word' id='word_1_83' title='bbox 1964 1532 2196 1583; x_wconf 80' lang='lat' dir='ltr'><strong>vexata</strong></span> <span class='ocrx_word' id='word_1_84' title='bbox 2228 1540 2383 1601; x_wconf 58' lang='lat' dir='ltr'><strong>prof-</strong></span> 
     </span>
     <span class='ocr_line' id='line_1_12' title="bbox 304 1622 2384 1705; baseline -0.003 -18"><span class='ocrx_word' id='word_1_85' title='bbox 304 1626 556 1705; x_wconf 81' lang='lat' dir='ltr'><strong>ditaque</strong></span> <span class='ocrx_word' id='word_1_86' title='bbox 609 1634 804 1699; x_wconf 86' lang='lat' dir='ltr'><strong>esset,</strong></span> <span class='ocrx_word' id='word_1_87' title='bbox 865 1623 1118 1699; x_wconf 86' lang='lat' dir='ltr'><strong>relicta,</strong></span> <span class='ocrx_word' id='word_1_88' title='bbox 1186 1623 1254 1683; x_wconf 92' lang='lat' dir='ltr'><strong>in</strong></span> <span class='ocrx_word' id='word_1_89' title='bbox 1307 1622 1580 1682; x_wconf 85' lang='lat' dir='ltr'><strong>hostium</strong></span> <span class='ocrx_word' id='word_1_90' title='bbox 1630 1622 1823 1681; x_wconf 83' lang='lat' dir='ltr'><strong>-terris</strong></span> <span class='ocrx_word' id='word_1_91' title='bbox 1876 1623 2105 1684; x_wconf 79' lang='lat' dir='ltr'><strong>milites</strong></span> <span class='ocrx_word' id='word_1_92' title='bbox 2164 1624 2251 1684; x_wconf 85' lang='lat' dir='ltr'><strong>in-</strong></span> <span class='ocrx_word' id='word_1_93' title='bbox 2280 1622 2384 1682; x_wconf 71' lang='lat' dir='ltr'><strong>hi·-</strong></span> 
     </span>
     <span class='ocr_line' id='line_1_13' title="bbox 303 1723 2384 1789; baseline -0.002 -2"><span class='ocrx_word' id='word_1_94' title='bbox 303 1727 514 1789; x_wconf 76' lang='lat' dir='ltr'><strong>bernis</strong></span> <span class='ocrx_word' id='word_1_95' title='bbox 546 1727 895 1788; x_wconf 77' lang='lat' dir='ltr'>collocaret.</span> <span class='ocrx_word' id='word_1_96' title='bbox 977 1726 1100 1785; x_wconf 85' lang='lat' dir='ltr'><strong>Sed</strong></span> <span class='ocrx_word' id='word_1_97' title='bbox 1130 1725 1381 1784; x_wconf 86' lang='lat' dir='ltr'><strong>frustra.</strong></span> <span class='ocrx_word' id='word_1_98' title='bbox 1467 1723 1845 1783; x_wconf 84' lang='lat' dir='ltr'><strong>Fridlandus</strong></span> <span class='ocrx_word' id='word_1_99' title='bbox 1868 1724 2031 1783; x_wconf 86' lang='lat' dir='ltr'><strong>eni-m</strong></span> <span class='ocrx_word' id='word_1_100' title='bbox 2060 1744 2207 1787; x_wconf 86' lang='lat' dir='ltr'><strong>cum</strong></span> <span class='ocrx_word' id='word_1_101' title='bbox 2229 1742 2384 1783; x_wconf 82' lang='lat' dir='ltr'><strong>con-</strong></span> 
     </span>
     <span class='ocr_line' id='line_1_14' title="bbox 304 1824 2384 1909; baseline -0.004 -18"><span class='ocrx_word' id='word_1_102' title='bbox 304 1840 528 1895; x_wconf 78' lang='lat' dir='ltr'><strong>vocata</strong></span> <span class='ocrx_word' id='word_1_103' title='bbox 586 1827 860 1889; x_wconf 87' lang='lat' dir='ltr'><strong>militum</strong></span> <span class='ocrx_word' id='word_1_104' title='bbox 912 1827 1370 1909; x_wconf 74' lang='lat' dir='ltr'><strong>praefectorum</strong></span> <span class='ocrx_word' id='word_1_105' title='bbox 1428 1827 1727 1887; x_wconf 82' lang='lat' dir='ltr'><strong>concione</strong></span> <span class='ocrx_word' id='word_1_106' title='bbox 1787 1825 2063 1887; x_wconf 73' lang='lat' dir='ltr'>Caesaris</span> <span class='ocrx_word' id='word_1_107' title='bbox 2098 1824 2384 1905; x_wconf 50' lang='lat' dir='ltr'><strong>‘Augusti</strong></span> 
     </span>
     <span class='ocr_line' id='line_1_15' title="bbox 303 1929 2385 2013; baseline -0.002 -22"><span class='ocrx_word' id='word_1_108' title='bbox 303 1930 792 1993; x_wconf 74' lang='lat' dir='ltr'><strong>communicavit</strong></span> <span class='ocrx_word' id='word_1_109' title='bbox 843 1930 1005 1991; x_wconf 81' lang='lat' dir='ltr'><strong>iussa</strong></span> <span class='ocrx_word' id='word_1_110' title='bbox 1017 1972 1036 2003; x_wconf 92' lang='lat'><strong>,</strong></span> <span class='ocrx_word' id='word_1_111' title='bbox 1107 1942 1378 2013; x_wconf 79' lang='lat' dir='ltr'><strong>quorum</strong></span> <span class='ocrx_word' id='word_1_112' title='bbox 1432 1949 1574 1989; x_wconf 88' lang='lat' dir='ltr'><strong>cum</strong></span> <span class='ocrx_word' id='word_1_113' title='bbox 1626 1929 1970 1989; x_wconf 65' lang='lat' dir='ltr'><strong>sciscitatus.</strong></span> <span class='ocrx_word' id='word_1_114' title='bbox 2022 1937 2184 1990; x_wconf 86' lang='lat' dir='ltr'><strong>esset</strong></span> <span class='ocrx_word' id='word_1_115' title='bbox 2238 1947 2385 1987; x_wconf 84' lang='lat' dir='ltr'><strong>sen·-</strong></span> 
     </span>
     <span class='ocr_line' id='line_1_16' title="bbox 306 2031 2385 2111; baseline -0.002 -19"><span class='ocrx_word' id='word_1_116' title='bbox 306 2034 531 2092; x_wconf 82' lang='lat' dir='ltr'><strong>tentias</strong></span> <span class='ocrx_word' id='word_1_117' title='bbox 546 2076 565 2107; x_wconf 89' lang='lat'><strong>,</strong></span> <span class='ocrx_word' id='word_1_118' title='bbox 636 2031 817 2091; x_wconf 85' lang='lat' dir='ltr'><strong>iussis</strong></span> <span class='ocrx_word' id='word_1_119' title='bbox 873 2032 1126 2090; x_wconf 88' lang='lat' dir='ltr'><strong>omnino</strong></span> <span class='ocrx_word' id='word_1_120' title='bbox 1181 2031 1535 2091; x_wconf 75' lang='lat' dir='ltr'><strong>satisfacere</strong></span> <span class='ocrx_word' id='word_1_121' title='bbox 1590 2051 1657 2091; x_wconf 88' lang='lat' dir='ltr'><strong>se</strong></span> <span class='ocrx_word' id='word_1_122' title='bbox 1710 2050 1839 2089; x_wconf 88' lang='lat' dir='ltr'><strong>non</strong></span> <span class='ocrx_word' id='word_1_123' title='bbox 1895 2051 2073 2111; x_wconf 86' lang='lat' dir='ltr'><strong>posse</strong></span> <span class='ocrx_word' id='word_1_124' title='bbox 2121 2050 2385 2108; x_wconf 87' lang='lat' dir='ltr'><strong>respon-</strong></span> 
     </span>
     <span class='ocr_line' id='line_1_17' title="bbox 309 2130 2385 2211; baseline -0.002 -18"><span class='ocrx_word' id='word_1_125' title='bbox 309 2134 437 2209; x_wconf 84' lang='lat' dir='ltr'><strong>dit3</strong></span> <span class='ocrx_word' id='word_1_126' title='bbox 517 2133 746 2193; x_wconf 86' lang='lat' dir='ltr'><strong>milites</strong></span> <span class='ocrx_word' id='word_1_127' title='bbox 810 2141 874 2190; x_wconf 88' lang='lat' dir='ltr'><strong>et</strong></span> <span class='ocrx_word' id='word_1_128' title='bbox 933 2132 1098 2191; x_wconf 87' lang='lat' dir='ltr'><strong>fame</strong></span> <span class='ocrx_word' id='word_1_129' title='bbox 1161 2142 1226 2193; x_wconf 85' lang='lat' dir='ltr'><strong>et</strong></span> <span class='ocrx_word' id='word_1_130' title='bbox 1285 2133 1440 2191; x_wconf 85' lang='lat' dir='ltr'><strong>belli</strong></span> <span class='ocrx_word' id='word_1_131' title='bbox 1492 2132 1807 2191; x_wconf 71' lang='lat' dir='ltr'><strong>laboribus</strong></span> <span class='ocrx_word' id='word_1_132' title='bbox 1860 2130 2251 2211; x_wconf 82' lang='lat' dir='ltr'><strong>defatigatos,</strong></span> <span class='ocrx_word' id='word_1_133' title='bbox 2331 2131 2385 2189; x_wconf 88' lang='lat' dir='ltr'><strong>si</strong></span> 
     </span>
     <span class='ocr_line' id='line_1_18' title="bbox 306 2230 2388 2315; baseline -0.001 -22"><span class='ocrx_word' id='word_1_134' title='bbox 306 2233 627 2315; x_wconf 82' lang='lat' dir='ltr'><strong>expeditio</strong></span> <span class='ocrx_word' id='word_1_135' title='bbox 680 2230 944 2293; x_wconf 78' lang='lat' dir='ltr'><strong>hiberna</strong></span> <span class='ocrx_word' id='word_1_136' title='bbox 992 2233 1443 2315; x_wconf 82' lang='lat' dir='ltr'><strong>susciperetur,</strong></span> <span class='ocrx_word' id='word_1_137' title='bbox 1511 2234 1694 2315; x_wconf 85' lang='lat' dir='ltr'><strong>plane</strong></span> <span class='ocrx_word' id='word_1_138' title='bbox 1744 2234 2126 2294; x_wconf 72' lang='lat' dir='ltr'><strong>interituroS.</strong></span> <span class='ocrx_word' id='word_1_139' title='bbox 2209 2231 2388 2292; x_wconf 86' lang='lat' dir='ltr'><strong>Misit</strong></span> 
     </span>
     <span class='ocr_line' id='line_1_19' title="bbox 310 2334 2387 2418; baseline -0.001 -22"><span class='ocrx_word' id='word_1_140' title='bbox 310 2335 536 2397; x_wconf 87' lang='lat' dir='ltr'><strong>deinde</strong></span> <span class='ocrx_word' id='word_1_141' title='bbox 589 2334 667 2393; x_wconf 87' lang='lat' dir='ltr'><strong>ad</strong></span> <span class='ocrx_word' id='word_1_142' title='bbox 722 2334 1126 2395; x_wconf 82' lang='lat' dir='ltr'><strong>Fridlandum</strong></span> <span class='ocrx_word' id='word_1_143' title='bbox 1182 2335 1406 2397; x_wconf 85' lang='lat' dir='ltr'><strong>Caesar</strong></span> <span class='ocrx_word' id='word_1_144' title='bbox 1447 2336 1755 2418; x_wconf 85' lang='lat' dir='ltr'><strong>Augustus</strong></span> <span class='ocrx_word' id='word_1_145' title='bbox 1814 2335 2184 2414; x_wconf 85' lang='lat' dir='ltr'><strong>Quirogam,</strong></span> <span class='ocrx_word' id='word_1_146' title='bbox 2257 2335 2387 2394; x_wconf 81' lang='lat' dir='ltr'><strong>Ca-</strong></span> 
     </span>
     <span class='ocr_line' id='line_1_20' title="bbox 311 2425 2388 2522; baseline -0.001 -22"><span class='ocrx_word' id='word_1_147' title='bbox 311 2439 684 2522; x_wconf 77' lang='lat' dir='ltr'><strong>puzinorum</strong></span> <span class='ocrx_word' id='word_1_148' title='bbox 753 2439 963 2500; x_wconf 88' lang='lat' dir='ltr'><strong>ordini</strong></span> <span class='ocrx_word' id='word_1_149' title='bbox 1026 2439 1338 2502; x_wconf 85' lang='lat' dir='ltr'><strong>addictum</strong></span> <span class='ocrx_word' id='word_1_150' title='bbox 1355 2485 1387 2515; x_wconf 74' lang='lat'><strong>,‚</strong></span> <span class='ocrx_word' id='word_1_151' title='bbox 1463 2442 1569 2520; x_wconf 88' lang='lat' dir='ltr'><strong>qui</strong></span> <span class='ocrx_word' id='word_1_152' title='bbox 1624 2441 1755 2500; x_wconf 85' lang='lat' dir='ltr'><strong>eius</strong></span> <span class='ocrx_word' id='word_1_153' title='bbox 1810 2425 2064 2500; x_wconf 83' lang='lat' dir='ltr'><strong>consilia</strong></span> <span class='ocrx_word' id='word_1_154' title='bbox 2118 2449 2388 2502; x_wconf 86' lang='lat' dir='ltr'><strong>exeunte</strong></span> 
     </span>
     <span class='ocr_line' id='line_1_21' title="bbox 311 2536 2387 2621; baseline -0.001 -19"><span class='ocrx_word' id='word_1_155' title='bbox 311 2542 458 2606; x_wconf 79' lang='lat' dir='ltr'><strong>iam·</strong></span> <span class='ocrx_word' id='word_1_156' title='bbox 479 2561 641 2600; x_wconf 85' lang='lat' dir='ltr'><strong>anno</strong></span> <span class='ocrx_word' id='word_1_157' title='bbox 685 2536 873 2602; x_wconf 84' lang='grc'><strong>1633.</strong></span> <span class='ocrx_word' id='word_1_158' title='bbox 918 2541 1197 2601; x_wconf 85' lang='lat' dir='ltr'><strong>Viennae</strong></span> <span class='ocrx_word' id='word_1_159' title='bbox 1240 2542 1773 2620; x_wconf 83' lang='lat' dir='ltr'><strong>percrebescentia</strong></span> <span class='ocrx_word' id='word_1_160' title='bbox 1811 2541 1967 2602; x_wconf 88' lang='lat' dir='ltr'><strong>clam</strong></span> <span class='ocrx_word' id='word_1_161' title='bbox 2014 2545 2387 2621; x_wconf 81' lang='lat' dir='ltr'><strong>exploraret.</strong></span> 
     </span>
     <span class='ocr_line' id='line_1_22' title="bbox 312 2639 2389 2720; baseline -0 -17"><span class='ocrx_word' id='word_1_162' title='bbox 312 2644 506 2704; x_wconf 82' lang='lat' dir='ltr'><strong>Brevi</strong></span> <span class='ocrx_word' id='word_1_163' title='bbox 559 2642 751 2720; x_wconf 87' lang='lat' dir='ltr'><strong>igitur</strong></span> <span class='ocrx_word' id='word_1_164' title='bbox 803 2639 1101 2720; x_wconf 88' lang='lat' dir='ltr'><strong>temporis</strong></span> <span class='ocrx_word' id='word_1_165' title='bbox 1143 2640 1338 2718; x_wconf 89' lang='lat' dir='ltr'><strong>spatio</strong></span> <span class='ocrx_word' id='word_1_166' title='bbox 1379 2641 1709 2706; x_wconf 88' lang='lat' dir='ltr'><strong>interiecto</strong></span> <span class='ocrx_word' id='word_1_167' title='bbox 1750 2641 2121 2702; x_wconf 85' lang='lat' dir='ltr'><strong>Fridlandus</strong></span> <span class='ocrx_word' id='word_1_168' title='bbox 2160 2643 2389 2702; x_wconf 85' lang='lat' dir='ltr'><strong>iterum</strong></span> 
     </span>
     <span class='ocr_line' id='line_1_23' title="bbox 313 2742 2393 2825; baseline -0.002 -17"><span class='ocrx_word' id='word_1_169' title='bbox 313 2745 588 2808; x_wconf 83' lang='lat' dir='ltr'><strong>militum</strong></span> <span class='ocrx_word' id='word_1_170' title='bbox 630 2743 1014 2824; x_wconf 85' lang='lat' dir='ltr'><strong>praefectos,</strong></span> <span class='ocrx_word' id='word_1_171' title='bbox 1073 2751 1143 2803; x_wconf 88' lang='lat' dir='ltr'><strong>ut</strong></span> <span class='ocrx_word' id='word_1_172' title='bbox 1185 2742 1460 2802; x_wconf 89' lang='lat' dir='ltr'><strong>consiliis</strong></span> <span class='ocrx_word' id='word_1_173' title='bbox 1498 2745 1624 2802; x_wconf 87' lang='lat' dir='ltr'><strong>suis</strong></span> <span class='ocrx_word' id='word_1_174' title='bbox 1669 2744 1964 2805; x_wconf 87' lang='lat' dir='ltr'><strong>redderet</strong></span> <span class='ocrx_word' id='word_1_175' title='bbox 2001 2745 2393 2825; x_wconf 72' lang='lat' dir='ltr'><strong>propitior-es,</strong></span> 
     </span>
     <span class='ocr_line' id='line_1_24' title="bbox 317 2844 2398 2924; baseline -0.001 -14"><span class='ocrx_word' id='word_1_176' title='bbox 317 2849 590 2910; x_wconf 85' lang='lat' dir='ltr'><strong>Pilsnam</strong></span> <span class='ocrx_word' id='word_1_177' title='bbox 635 2845 1018 2906; x_wconf 79' lang='lat' dir='ltr'><strong>convocavit.</strong></span> <span class='ocrx_word' id='word_1_178' title='bbox 1105 2844 1347 2920; x_wconf 76' lang='lat' dir='ltr'><strong>Quibus</strong></span> <span class='ocrx_word' id='word_1_179' title='bbox 1392 2866 1548 2924; x_wconf 85' lang='lat' dir='ltr'><strong>quae</strong></span> <span class='ocrx_word' id='word_1_180' title='bbox 1594 2847 1784 2919; x_wconf 83' lang='lat' dir='ltr'><strong>dixit,</strong></span> <span class='ocrx_word' id='word_1_181' title='bbox 1850 2846 2001 2906; x_wconf 87' lang='lat' dir='ltr'><strong>haec</strong></span> <span class='ocrx_word' id='word_1_182' title='bbox 2040 2849 2177 2906; x_wconf 86' lang='lat' dir='ltr'><strong>fere</strong></span> <span class='ocrx_word' id='word_1_183' title='bbox 2218 2857 2398 2907; x_wconf 72' lang='lat' dir='ltr'><strong>sunt:</strong></span> 
     </span>
     <span class='ocr_line' id='line_1_25' title="bbox 316 2945 2395 3030; baseline 0 -22"><span class='ocrx_word' id='word_1_184' title='bbox 316 2969 436 3026; x_wconf 86' lang='lat' dir='ltr'><strong>„se</strong></span> <span class='ocrx_word' id='word_1_185' title='bbox 475 2967 602 3009; x_wconf 87' lang='lat' dir='ltr'><strong>non</strong></span> <span class='ocrx_word' id='word_1_186' title='bbox 643 2965 825 3028; x_wconf 87' lang='lat' dir='ltr'><strong>posse</strong></span> <span class='ocrx_word' id='word_1_187' title='bbox 865 2946 932 3003; x_wconf 89' lang='lat' dir='ltr'><strong>in</strong></span> <span class='ocrx_word' id='word_1_188' title='bbox 976 2952 1294 3026; x_wconf 85' lang='lat' dir='ltr'><strong>posterum</strong></span> <span class='ocrx_word' id='word_1_189' title='bbox 1329 2945 1638 3005; x_wconf 80' lang='lat' dir='ltr'><strong>exercitui</strong></span> <span class='ocrx_word' id='word_1_190' title='bbox 1667 2967 1976 3026; x_wconf 84' lang='lat' dir='ltr'><strong>praeesse,</strong></span> <span class='ocrx_word' id='word_1_191' title='bbox 2031 2969 2097 3009; x_wconf 86' lang='lat' dir='ltr'><strong>se</strong></span> <span class='ocrx_word' id='word_1_192' title='bbox 2130 2949 2395 3030; x_wconf 76' lang='lat' dir='ltr'><strong>imperio¹</strong></span> 
     </span>
     <span class='ocr_line' id='line_1_26' title="bbox 317 3047 2396 3132; baseline 0.001 -22"><span class='ocrx_word' id='word_1_193' title='bbox 317 3070 452 3110; x_wconf 88' lang='lat' dir='ltr'><strong>sese</strong></span> <span class='ocrx_word' id='word_1_194' title='bbox 491 3047 951 3123; x_wconf 86' lang='lat' dir='ltr'><strong>abdicaturum,</strong></span> <span class='ocrx_word' id='word_1_195' title='bbox 1009 3067 1199 3126; x_wconf 87' lang='lat' dir='ltr'><strong>quum</strong></span> <span class='ocrx_word' id='word_1_196' title='bbox 1245 3047 1569 3107; x_wconf 86' lang='lat' dir='ltr'><strong>calumniis</strong></span> <span class='ocrx_word' id='word_1_197' title='bbox 1611 3049 2250 3132; x_wconf 62' lang='lat' dir='ltr'><strong>insinuationibusque</strong></span> <span class='ocrx_word' id='word_1_198' title='bbox 2284 3072 2396 3112; x_wconf 87' lang='lat' dir='ltr'><strong>eo·-.</strong></span> 
     </span>
     <span class='ocr_line' id='line_1_27' title="bbox 321 3147 2397 3233; baseline 0.001 -21"><span class='ocrx_word' id='word_1_199' title='bbox 321 3171 463 3212; x_wconf 89' lang='lat' dir='ltr'><strong>rum</strong></span> <span class='ocrx_word' id='word_1_200' title='bbox 507 3150 617 3231; x_wconf 87' lang='lat' dir='ltr'><strong>qui</strong></span> <span class='ocrx_word' id='word_1_201' title='bbox 656 3150 724 3210; x_wconf 86' lang='lat' dir='ltr'><strong>iu</strong></span> <span class='ocrx_word' id='word_1_202' title='bbox 767 3152 908 3209; x_wconf 84' lang='lat' dir='ltr'><strong>aula</strong></span> <span class='ocrx_word' id='word_1_203' title='bbox 953 3147 1228 3208; x_wconf 83' lang='lat' dir='ltr'><strong>Caesaris</strong></span> <span class='ocrx_word' id='word_1_204' title='bbox 1272 3158 1505 3224; x_wconf 80' lang='lat' dir='ltr'><strong>essent,</strong></span> <span class='ocrx_word' id='word_1_205' title='bbox 1567 3151 2010 3230; x_wconf 86' lang='lat' dir='ltr'><strong>impediretur,</strong></span> <span class='ocrx_word' id='word_1_206' title='bbox 2069 3155 2397 3233; x_wconf 72' lang='lat' dir='ltr'><strong>quominus</strong></span> 
     </span>
     <span class='ocr_line' id='line_1_28' title="bbox 321 3250 2395 3337; baseline 0.001 -21"><span class='ocrx_word' id='word_1_207' title='bbox 321 3265 388 3316; x_wconf 86' lang='lat' dir='ltr'><strong>ct</strong></span> <span class='ocrx_word' id='word_1_208' title='bbox 429 3251 737 3314; x_wconf 79' lang='lat' dir='ltr'><strong>exercitui</strong></span> <span class='ocrx_word' id='word_1_209' title='bbox 789 3259 853 3310; x_wconf 84' lang='lat' dir='ltr'><strong>et</strong></span> <span class='ocrx_word' id='word_1_210' title='bbox 897 3250 1143 3312; x_wconf 88' lang='lat' dir='ltr'><strong>Caesari</strong></span> <span class='ocrx_word' id='word_1_211' title='bbox 1202 3250 1571 3314; x_wconf 82' lang='lat' dir='ltr'><strong>consuleret.</strong></span> <span class='ocrx_word' id='word_1_212' title='bbox 1590 3255 1624 3286; x_wconf 73' lang='lat'><strong>‘⁸</strong></span> <span class='ocrx_word' id='word_1_213' title='bbox 1714 3253 1946 3314; x_wconf 83' lang='lat' dir='ltr'><strong>Omnes</strong></span> <span class='ocrx_word' id='word_1_214' title='bbox 1990 3257 2395 3337; x_wconf 80' lang='lat' dir='ltr'><strong>obstupuere:</strong></span> 
     </span>
     <span class='ocr_line' id='line_1_29' title="bbox 321 3352 2403 3427; baseline 0.001 -11"><span class='ocrx_word' id='word_1_215' title='bbox 321 3375 465 3416; x_wconf 82' lang='lat' dir='ltr'><strong>nam</strong></span> <span class='ocrx_word' id='word_1_216' title='bbox 519 3364 594 3413; x_wconf 90' lang='lat' dir='ltr'><strong>ut</strong></span> <span class='ocrx_word' id='word_1_217' title='bbox 635 3352 864 3412; x_wconf 86' lang='lat' dir='ltr'><strong>milites</strong></span> <span class='ocrx_word' id='word_1_218' title='bbox 907 3353 1356 3425; x_wconf 82' lang='lat' dir='ltr'><strong>conducerent,</strong></span> <span class='ocrx_word' id='word_1_219' title='bbox 1430 3355 1583 3427; x_wconf 71' lang='lat' dir='ltr'><strong>moti</strong></span> <span class='ocrx_word' id='word_1_220' title='bbox 1626 3364 1802 3415; x_wconf 86' lang='lat' dir='ltr'><strong>erant</strong></span> <span class='ocrx_word' id='word_1_221' title='bbox 1840 3359 2086 3418; x_wconf 87' lang='lat' dir='ltr'><strong>nonnisi</strong></span> <span class='ocrx_word' id='word_1_222' title='bbox 2128 3357 2403 3419; x_wconf 85' lang='lat' dir='ltr'><strong>auctori-</strong></span> 
     </span>
     <span class='ocr_line' id='line_1_30' title="bbox 321 3455 2403 3538; baseline 0.002 -23"><span class='ocrx_word' id='word_1_223' title='bbox 321 3467 451 3526; x_wconf 76' lang='lat' dir='ltr'><strong>tate</strong></span> <span class='ocrx_word' id='word_1_224' title='bbox 493 3455 848 3529; x_wconf 89' lang='lat' dir='ltr'><strong>Fridlandi,</strong></span> <span class='ocrx_word' id='word_1_225' title='bbox 914 3475 1036 3535; x_wconf 89' lang='lat' dir='ltr'><strong>quo</strong></span> <span class='ocrx_word' id='word_1_226' title='bbox 1080 3457 1385 3516; x_wconf 83' lang='lat' dir='ltr'><strong>exercitui</strong></span> <span class='ocrx_word' id='word_1_227' title='bbox 1430 3478 1709 3538; x_wconf 81' lang='lat' dir='ltr'><strong>praeesse</strong></span> <span class='ocrx_word' id='word_1_228' title='bbox 1756 3458 2153 3536; x_wconf 86' lang='lat' dir='ltr'><strong>dedignante,</strong></span> <span class='ocrx_word' id='word_1_229' title='bbox 2210 3479 2403 3536; x_wconf 81' lang='lat' dir='ltr'><strong>pecu·-</strong></span> 
     </span>
     <span class='ocr_line' id='line_1_31' title="bbox 325 3556 2405 3642; baseline 0.001 -22"><span class='ocrx_word' id='word_1_230' title='bbox 325 3559 493 3626; x_wconf 82' lang='lat' dir='ltr'><strong>niam</strong></span> <span class='ocrx_word' id='word_1_231' title='bbox 547 3559 613 3616; x_wconf 89' lang='lat' dir='ltr'><strong>in</strong></span> <span class='ocrx_word' id='word_1_232' title='bbox 675 3578 810 3618; x_wconf 89' lang='lat' dir='ltr'><strong>rem</strong></span> <span class='ocrx_word' id='word_1_233' title='bbox 869 3556 1146 3619; x_wconf 86' lang='lat' dir='ltr'><strong>Caesaris</strong></span> <span class='ocrx_word' id='word_1_234' title='bbox 1203 3559 1464 3638; x_wconf 82' lang='lat' dir='ltr'><strong>Augusti</strong></span> <span class='ocrx_word' id='word_1_235' title='bbox 1529 3579 1860 3639; x_wconf 76' lang='lat' dir='ltr'><strong>expensam</strong></span> <span class='ocrx_word' id='word_1_236' title='bbox 1919 3560 2405 3642; x_wconf 79' lang='lat' dir='ltr'><strong>desperaverunt</strong></span> 
     </span>
     <span class='ocr_line' id='line_1_32' title="bbox 325 3659 2404 3744; baseline 0 -20"><span class='ocrx_word' id='word_1_237' title='bbox 325 3659 828 3744; x_wconf 81' lang='lat' dir='ltr'><strong>recuperandam.</strong></span> <span class='ocrx_word' id='word_1_238' title='bbox 913 3660 1112 3740; x_wconf 81' lang='lat' dir='ltr'><strong>Igitur</strong></span> <span class='ocrx_word' id='word_1_239' title='bbox 1162 3661 1567 3722; x_wconf 85' lang='lat' dir='ltr'><strong>dubitatione·</strong></span> <span class='ocrx_word' id='word_1_240' title='bbox 1594 3661 1755 3722; x_wconf 85' lang='lat' dir='ltr'><strong>facta</strong></span> <span class='ocrx_word' id='word_1_241' title='bbox 1795 3661 2094 3744; x_wconf 83' lang='lat' dir='ltr'><strong>praefecti</strong></span> <span class='ocrx_word' id='word_1_242' title='bbox 2133 3663 2404 3728; x_wconf 83' lang='lat' dir='ltr'><strong>militnm</strong></span> 
     </span>
     <span class='ocr_line' id='line_1_33' title="bbox 328 3762 2407 3850; baseline 0 -26"><span class='ocrx_word' id='word_1_243' title='bbox 328 3771 509 3850; x_wconf 80' lang='lat' dir='ltr'><strong>pacto</strong></span> <span class='ocrx_word' id='word_1_244' title='bbox 547 3764 776 3827; x_wconf 86' lang='lat' dir='ltr'><strong>litteris</strong></span> <span class='ocrx_word' id='word_1_245' title='bbox 814 3762 1116 3824; x_wconf 88' lang='lat' dir='ltr'><strong>tradendo</strong></span> <span class='ocrx_word' id='word_1_246' title='bbox 1151 3785 1249 3837; x_wconf 86' lang='lat' dir='ltr'><strong>se,</strong></span> <span class='ocrx_word' id='word_1_247' title='bbox 1305 3765 1603 3842; x_wconf 83' lang='lat' dir='ltr'><strong>quamdiu</strong></span> <span class='ocrx_word' id='word_1_248' title='bbox 1636 3763 1881 3824; x_wconf 86' lang='lat' dir='ltr'><strong>Caesari</strong></span> <span class='ocrx_word' id='word_1_249' title='bbox 1908 3763 2093 3824; x_wconf 88' lang='lat' dir='ltr'><strong>fidem</strong></span> <span class='ocrx_word' id='word_1_250' title='bbox 2127 3765 2240 3827; x_wconf 91' lang='lat' dir='ltr'><strong>ille</strong></span> <span class='ocrx_word' id='word_1_251' title='bbox 2271 3784 2407 3825; x_wconf 87' lang='lat' dir='ltr'><strong>ser·-</strong></span> 
     </span>
     <span class='ocr_line' id='line_1_34' title="bbox 330 3862 2410 3944; baseline -0.002 -16"><span class='ocrx_word' id='word_1_252' title='bbox 330 3872 542 3937; x_wconf 76' lang='lat' dir='ltr'><strong>varet,</strong></span> <span class='ocrx_word' id='word_1_253' title='bbox 601 3883 918 3942; x_wconf 88' lang='lat' dir='ltr'><strong>nunquam</strong></span> <span class='ocrx_word' id='word_1_254' title='bbox 963 3862 1247 3926; x_wconf 83' lang='lat' dir='ltr'><strong>deserere</strong></span> <span class='ocrx_word' id='word_1_255' title='bbox 1287 3865 1533 3924; x_wconf 89' lang='lat' dir='ltr'><strong>Ducem</strong></span> <span class='ocrx_word' id='word_1_256' title='bbox 1579 3867 1745 3927; x_wconf 83' lang='lat' dir='ltr'><strong>velle</strong></span> <span class='ocrx_word' id='word_1_257' title='bbox 1786 3866 2072 3928; x_wconf 86' lang='lat' dir='ltr'><strong>obstricti</strong></span> <span class='ocrx_word' id='word_1_258' title='bbox 2106 3874 2283 3940; x_wconf 82' lang='lat' dir='ltr'><strong>sunt3</strong></span> <span class='ocrx_word' id='word_1_259' title='bbox 2345 3876 2410 3944; x_wconf 80' lang='lat' dir='ltr'><strong>at</strong></span> 
     </span>
     <span class='ocr_line' id='line_1_35' title="bbox 331 3964 2405 4048; baseline 0.003 -22"><span class='ocrx_word' id='word_1_260' title='bbox 331 3965 706 4028; x_wconf 83' lang='lat' dir='ltr'><strong>Fridlandus</strong></span> <span class='ocrx_word' id='word_1_261' title='bbox 746 3965 894 4046; x_wconf 85' lang='lat' dir='ltr'><strong>ipsis</strong></span> <span class='ocrx_word' id='word_1_262' title='bbox 925 3964 1135 4026; x_wconf 84' lang='lat' dir='ltr'><strong>insciis</strong></span> <span class='ocrx_word' id='word_1_263' title='bbox 1166 3986 1479 4046; x_wconf 85' lang='lat' dir='ltr'><strong>nunquam</strong></span> <span class='ocrx_word' id='word_1_264' title='bbox 1515 3966 1847 4048; x_wconf 87' lang='lat' dir='ltr'><strong>imperium</strong></span> <span class='ocrx_word' id='word_1_265' title='bbox 1884 3987 1949 4028; x_wconf 91' lang='lat' dir='ltr'><strong>se</strong></span> <span class='ocrx_word' id='word_1_266' title='bbox 1986 3966 2405 4046; x_wconf 79' lang='lat' dir='ltr'><strong>depositurum</strong></span> 
     </span>
     <span class='ocr_line' id='line_1_36' title="bbox 335 4068 2409 4151; baseline -0.001 -21"><span class='ocrx_word' id='word_1_267' title='bbox 335 4069 639 4150; x_wconf 77' lang='lat' dir='ltr'><strong>promisit.</strong></span> <span class='ocrx_word' id='word_1_268' title='bbox 733 4070 874 4144; x_wconf 86' lang='lat' dir='ltr'><strong>Quo</strong></span> <span class='ocrx_word' id='word_1_269' title='bbox 932 4090 1143 4130; x_wconf 84' lang='lat' dir='ltr'><strong>omnes</strong></span> <span class='ocrx_word' id='word_1_270' title='bbox 1203 4071 1392 4149; x_wconf 74' lang='lat' dir='ltr'><strong>gavisi</strong></span> <span class='ocrx_word' id='word_1_271' title='bbox 1418 4129 1431 4151; x_wconf 29' lang='grc' dir='ltr'><strong>ι,</strong></span> <span class='ocrx_word' id='word_1_272' title='bbox 1448 4080 1677 4132; x_wconf 82' lang='lat' dir='ltr'><strong>eventu</strong></span> <span class='ocrx_word' id='word_1_273' title='bbox 1736 4070 1899 4150; x_wconf 82' lang='lat' dir='ltr'><strong>apud</strong></span> <span class='ocrx_word' id='word_1_274' title='bbox 1956 4068 2077 4129; x_wconf 91' lang='lat'>1110</span> <span class='ocrx_word' id='word_1_275' title='bbox 2132 4069 2211 4134; x_wconf 81' lang='lat' dir='ltr'><strong>ad</strong></span> <span class='ocrx_word' id='word_1_276' title='bbox 2268 4089 2409 4132; x_wconf 82' lang='lat' dir='ltr'><strong>coe-</strong></span> 
     </span>
    </p>
   </div>
  </div>
 </body>
</html>
