2817 4825
997 456 1646 527 ..........3........

281 643 468 715 timo,
540 660 680 701 cum
726 639 1072 721 paciscendi
1113 640 1211 701 ius
1253 661 1288 701 a
1338 633 1601 709 Caesare
1642 640 1917 723 Augusto
1957 646 2081 720 iam
2120 646 2357 713 dudum

275 743 342 803 ei
389 744 787 804 commissum
829 743 1076 816 fuisset,
1151 762 1294 811 cum
1330 742 1611 805 hostibus
1651 746 1899 825 egisset,
1948 766 2171 831 -ueque
2210 772 2357 817 eum

281 845 348 903 in
381 846 598 917 finem,
655 852 726 903 ut
737 887 756 918 ,
813 844 978 923 quod
1015 844 1354 905 adversarii
1386 847 1718 919 iactarem,
1762 848 1841 907 ad
1872 849 2358 917 Protestantium

277 956 488 1027 partes
541 945 837 1006 transiret
889 946 1256 1025 bellumque·
1295 957 1515 1007 contra
1556 948 2001 1027 Imperatorem
2054 968 2359 1020 moveret.

283 1050 398 1109 Fae
442 1068 572 1108 esse
612 1046 821 1105 animo
861 1056 1183 1126 reputare,
1238 1056 1618 1129 quantopere
1656 1049 2050 1115 Fridlandiae
2081 1057 2237 1117 Dux
2276 1058 2357 1119 de

274 1150 542 1209 Caesare
571 1149 847 1229 Augusto
891 1150 1062 1209 omni
1100 1160 1384 1229 tempore
1424 1152 1683 1212 meritus
1724 1154 1823 1215 sit.
1906 1154 2054 1216 Non
2087 1159 2359 1219 ereden-

279 1250 434 1311 dum
477 1252 616 1312 fieri
655 1250 958 1332 potuisse,
1011 1262 1082 1311 ut
1123 1253 1262 1311 talis
1305 1262 1635 1331 tantusque
1671 1257 1773 1315 vir
1802 1258 2145 1321 innumeris
2177 1262 2353 1323 insu-

232 1354 241 1358 ’
276 1372 394 1433 per
433 1354 724 1433 praemiis
767 1365 1018 1413 ornatus
1062 1353 1382 1415 dominum
1419 1364 1675 1435 repente
1718 1358 2052 1420 desereret.
2081 1358 2143 1439 ⁶)

454 1456 600 1532 Quo
653 1456 800 1515 fere.
844 1454 1030 1514 modo
1085 1455 1435 1533 aequalium
1489 1468 1659 1535 pars,
1726 1458 2045 1524 interioria
2095 1461 2206 1523 illa
2245 1482 2355 1525 re.

279 1576 423 1619 rum
464 1569 772 1639 gestarum
814 1558 1072 1617 notitiae
1106 1577 1361 1638 expers,
1417 1557 1787 1637 proditionis
1820 1562 2124 1625 maculam
2154 1566 2355 1627 Frict-

277 1661 466 1722 iando
509 1663 678 1722 Duci
732 1660 1079 1738 adspersam
1138 1660 1392 1721 abluere
1434 1660 1691 1723 studuit.
1780 1664 1953 1741 Quid
1993 1666 2359 1729 Protestan..

281 1760 440 1821 tium
494 1763 804 1843 principes
860 1782 941 1821 ac.
972 1762 1276 1842 primore-s
1319 1760 1435 1840 hac
1478 1762 1557 1821 de
1597 1782 1668 1821 re
1708 1766 2037 1841 senserint,
2102 1770 2352 1847 quaeri-

281 1864 426 1923 tur?
509 1868 864 1926 Memoratu
909 1864 1160 1941 dignum
1201 1862 1485 1939 videtur,
1539 1864 1699 1924 nihil
1740 1868 1817 1927 ab
1860 1867 1936 1926 iis
1968 1869 2215 1947 publica
2250 1871 2352 1951 ipa

277 1983 487 2023 sorum
551 1968 916 2026 auctoritate
973 1984 1102 2023 esse
1155 1962 1561 2043 divulgatum.
1663 1965 1899 2026 Verum
1957 1970 2009 2028 si
2058 1972 2349 2032 Fridlanv

279 2064 394 2125 dus
449 2064 528 2127 de
569 2086 718 2146 pace
757 2076 1000 2129 tantum
1043 2069 1261 2149 egisset
1303 2087 1447 2127 cum
1486 2066 1593 2142 iis,
1664 2068 1832 2130 salva
1872 2071 2145 2134 utilitate
2186 2073 2348 2136 Gae-

275 2168 428 2229 saria
479 2170 738 2248 Augusti
805 2169 1052 2248 fideque
1115 2189 1256 2250 erga
1317 2170 1555 2249 ipsum,
1620 2190 1802 2249 quam
1859 2172 1939 2231 ob
1994 2180 2236 2237 causam
2276 2178 2348 2239 id

279 2289 406 2329 non
466 2270 729 2353 professi
793 2272 980 2332 sunt?
1081 2273 1211 2332 Sibi
1269 2271 1419 2350 ipsis
1488 2271 1651 2331 enim
1716 2272 2200 2351 proclamatione
2254 2296 2346 2353 ea,

277 2380 351 2431 ut
404 2372 584 2431 nobis
636 2372 916 2448 videtur,
987 2376 1262 2435 omnium
1322 2372 1457 2432 fere
1510 2375 1859 2452 aequalium
1914 2376 2151 2440 animoa
2190 2400 2347 2442 con-

277 2474 685 2546 ciliavissent,
758 2475 1004 2536 Caesari
1045 2477 1321 2555 Augusto
1377 2486 1586 2536 autem
1639 2496 1767 2537 non
1819 2478 2021 2539 solum
2062 2485 2348 2544 auctori-

280 2585 462 2634 tatem
483 2621 496 2648 ,
559 2597 678 2654 qua
719 2578 882 2655 apud
923 2581 1336 2638 Protestantes
1379 2577 1673 2657 quosdam
1716 2577 2053 2640 etiamtunc
2090 2583 2347 2644 frueba-

280 2687 412 2757 tur,
475 2679 584 2736 sed
635 2679 820 2738 etiam
861 2680 1133 2740 militum
1177 2699 1431 2740 suorum
1474 2677 1662 2738 fidem
1704 2698 1774 2738 ae
1814 2679 2089 2744 studium
2130 2685 2347 2746 abstu-

162 2868 174 2874 ·
273 2779 521 2852 iissent,
594 2780 822 2860 quippe
885 2785 995 2862 qui
1059 2783 1137 2841 de
1198 2777 1605 2861 impetrandis
1666 2779 1965 2860 impigrae
2024 2793 2091 2844 et
2140 2783 2342 2847 fidelis

275 2879 533 2940 militiae
573 2883 863 2962 praemiis
907 2883 1410 2961 desperavissent.

445 2985 714 3046 Tantum
760 2984 989 3058 abfuit,
1051 2995 1122 3046 ut
1157 2982 1459 3043 eiusmodi
1493 2981 1643 3062 quid
1678 2992 1956 3064 agerent,
2012 2994 2087 3045 ut
2117 2985 2344 3048 Ludo-

272 3087 447 3148 vicus
478 3085 656 3144 XIII.
703 3087 1245 3168 Francogallorum
1285 3087 1455 3160 Rex,
1524 3105 1718 3167 quum
1758 3085 2083 3148 Fridlmdi
2136 3089 2343 3151 exitus

274 3189 693 3262 nuntiaretur,
769 3187 1176 3249 exclamaret:
1252 3187 1355 3247 Sic
1417 3205 1630 3246 omnes
1676 3196 1938 3267 pereant
1986 3189 2341 3271 principum

274 3288 631 3361 traditores!
736 3289 926 3367 Quod
989 3289 1174 3369 Regis
1235 3288 1471 3349 dictum
1532 3307 1723 3368 quum
1768 3287 2054 3350 Richelio
2110 3289 2343 3351 Cardi-

272 3389 397 3450 nali
437 3391 811 3467 referretur,
867 3389 1274 3452 vehementer
1315 3400 1688 3467 commotus,
1746 3411 1875 3452 non
1914 3401 2086 3454 recte
2126 3393 2345 3455 fecisse

272 3491 434 3552 dixit
480 3492 740 3572 Regem,
801 3514 1024 3573 quum,
1083 3495 1233 3574 quid
1271 3495 1559 3569 sentiret,
1616 3497 1829 3574 aperte'
1866 3494 2214 3554 recluserit.
2257 3525 2343 3540 --

278 3593 562 3653 Meminit
599 3592 975 3668 cardinalis,
1017 3625 1102 3638 —
1155 3594 1527 3656 narrationis
1558 3602 1777 3654 auctor
1806 3593 2076 3670 addidit,
2110 3627 2193 3640 —-
2236 3617 2333 3657 ea-

267 3712 412 3754 rum
454 3715 695 3770 rerum,
752 3716 898 3774 quaa
941 3716 1083 3756 cum
1125 3695 1464 3756 Fridlando
1505 3695 1637 3776 ipse
1676 3703 2065 3758 tractaverat.
2096 3696 2155 3776 ⁷)

338 3857 404 3923 4³)
448 3857 516 3908 cf.
552 3854 867 3925 &gentum
901 3855 1273 3925 ffiefdyreibunn
1309 3869 1374 3914 ac.

338 3943 403 4009 7)
448 3942 516 3993 cf.
566 3943 613 3995 le
653 3945 740 3996 cle
715 3962 822 3996 etn-
883 3947 962 3996 La
1009 3947 1100 3998 vie
1139 3944 1191 3996 d'
1196 3945 1442 3999 Armand
1472 3947 1604 3997 Jean
1640 3944 1895 3998 Cardinal
1930 3943 1999 3996 de
2032 3945 2339 4011 Riclielieug

403 4031 508 4078 Am
514 4039 581 4078 st.
611 4027 760 4080 1714.
808 4033 880 4082 T.
909 4033 974 4082 11.
1013 4051 1070 4100 p.
1099 4030 1214 4083 152.
1286 4031 1360 4084 le
1373 4031 1600 4084 Vas-sor.-
1657 4031 1897 4084 Histoire
1942 4031 2017 4082 du
2061 4023 2226 4098 regne
2272 4031 2341 4082 de

406 4115 570 4168 Louis
597 4116 746 4168 xm.
799 4115 977 4172 Amat.
1007 4119 1158 4174 1705.
1209 4121 1278 4172 T.
1303 4120 1425 4173 vu.
1460 4121 1519 4172 P.
1544 4120 1596 4170 2.
1634 4139 1690 4190 p.
1713 4115 1869 4173 418.:
1930 4118 2009 4169 Le
2044 4119 2145 4168 Roi
2187 4127 2341 4169 tres-

1893 4187 1999 4260 1*
