2817 4825
969 433 1662 503 ..........37..-....-

272 628 448 693 ctus,
487 615 660 679 28m0
705 618 1046 695 Novembr.
1077 618 1481 689 Benfeldum,
1506 653 1514 661 ‹
1541 616 1811 679 Alaatiae
1844 619 2171 698 oppidum,
2216 629 2351 678 tum

277 718 780 783 Schlettstadium
838 720 1331 798 Colmariamque
1399 721 1756 799 occupavit,
1844 721 1931 779 ita
1998 732 2067 781 ut
2118 742 2201 779 ex
2252 719 2351 779 his

277 823 633 904 regionibus
692 822 897 883 hostes
964 822 1223 899 pelleret
1276 830 1463 900 atque
1522 825 1870 883 consociato
1925 824 2045 881 sibi
2096 823 2351 883 Ottonis

277 924 588 986 Ludovici
602 970 620 1000 ,
688 926 930 985 comitis
973 924 1260 985 Rhenani
1273 968 1291 999 ,
1348 926 1633 985 exercitu
1672 924 1967 985 Rhenum
2010 936 2352 1037 transgres-

277 1049 380 1089 sus
426 1036 620 1088 terras
661 1024 1231 1107 Wiirtembergicas
1271 1027 1629 1087 debellaret.
1661 1026 1759 1105 ⁵2)

447 1132 688 1191 Eodem
731 1133 866 1192 fere
904 1141 1186 1210 tempore
1225 1132 1515 1191 Ianuario
1559 1126 1744 1191 1634.
1788 1150 1999 1190 mense
2040 1128 2355 1193 Bernhar-

279 1234 426 1307 dus,
500 1235 807 1296 Sax‘onico
829 1268 862 1281 -
889 1235 1270 1293 vinariensis
1325 1235 1478 1293 Dux
1494 1278 1512 1308 ,
1582 1232 1987 1293 Franconia'm
2046 1232 2359 1309 ingressus.

277 1338 628 1418 Babeperga
682 1338 867 1420 atque
910 1336 1332 1399 Hoechstadio
1375 1336 1633 1396 urbibus
1672 1336 2035 1415 expugnatis
2060 1334 2082 1370 ⁵
2106 1332 2159 1411 ³)
2204 1337 2353 1393 Do·-

276 1440 726 1501 nauvoerthiae
763 1462 908 1501 cum
941 1441 1186 1499 Hornio
1230 1441 1461 1499 coaluit
1488 1437 1585 1515 ⁵⁴)
1626 1445 1699 1499 a'c
1740 1438 1967 1500 deinde
1998 1440 2353 1512 Monaeum,

277 1542 772 1617 Landshudiam,
827 1532 1243 1603 Eicbstadiam
1289 1544 1633 1621 occupavit.

341 1708 349 1714 ,
449 1646 620 1705 Dum
676 1644 795 1703 hoc
849 1644 1037 1703 modo
1093 1644 1390 1705 Bavariae
1432 1645 1586 1703 Dux
1639 1642 1714 1703 ab
1769 1642 2039 1702 hostium
2098 1639 2351 1699 exerci-

277 1747 444 1811 tibus
513 1749 848 1827 premitur,
935 1746 1309 1807 Fridlandus
1375 1766 1489 1823 per
1557 1754 1748 1806 totam
1818 1764 2124 1805 annorum
2186 1738 2350 1823 1632}

275 1848 544 1910 hiemem
601 1853 668 1910 in
725 1848 999 1909 hibernis
1056 1850 1260 1929 copias
1303 1848 1642 1923 continuit,
1714 1848 1783 1907 id
1824 1849 1997 1930 quod
2034 1847 2351 1907 diversum

275 1953 344 2011 in
407 1954 661 2014 modum
733 1964 796 2013 et
862 1954 1182 2013 defensum
1256 1962 1349 2013 est
1415 1962 1477 2011 et
1538 1952 2001 2034 exprobratum.
2106 1947 2350 2025 Quibus

278 2056 515 2116 omissis
553 2074 696 2127 nos,
768 2075 924 2134 quae
965 2067 1224 2138 sequuta
1265 2067 1441 2130 sunt,
1513 2055 1955 2137 disquiremus,
2011 2074 2081 2111 ac
2124 2051 2351 2125 statim,

273 2156 632 2239 priusquam
686 2161 754 2219 in
812 2161 1028 2221 Silesia
1079 2161 1313 2220 bellum
1365 2160 1667 2235 moverit,
1740 2178 1883 2220 cum
1938 2153 2350 2236 Francogallis

275 2281 418 2323 cum
459 2262 581 2322 iam
624 2264 982 2345 transegisse
1023 2262 1388 2324 videbimus.

1125 2431 1314 2506 GM».
1367 2431 1499 2507 Vl.

189 2617 194 2626 -
274 2571 590 2638 Primae
646 2572 873 2636 inter
939 2569 1496 2638 Fridlandum
1560 2574 1637 2635 et
1704 2568 2347 2664 Francogallos,

402 2691 734 2769 Suecos,
813 2690 1193 2756 Saxones
1261 2696 1339 2758 et
1403 2690 2220 2780 Brandenburgicos

1064 2812 1547 2900 pactiones.

444 2959 646 3035 Quam
691 2965 932 3018 mature
970 2977 1256 3020 rumores
1296 2959 1374 3019 de
1416 2960 1667 3020 dissidio
1707 2961 1873 3020 inter
1918 2959 2239 3020 Caesarem
2280 2969 2346 3020 et

270 3057 676 3122 Fridlandum
731 3070 955 3123 exorto
1009 3062 1286 3142 dissipati
1327 3065 1483 3137 sint,
1546 3083 1693 3124 sane
1737 3073 1832 3124 est
1872 3063 2059 3143 quod.
2081 3062 2343 3126 mireris.

407 3243 514 3276 aux
559 3226 808 3291 siennes3
867 3244 970 3279 son
1006 3225 1182 3280 armee
1219 3227 1396 3294 etant,
1457 3229 1536 3280 les
1574 3228 1807 3281 Suedois
1839 3229 2070 3299 compris
2106 3226 2175 3279 de
2218 3228 2341 3296 plus

404 3311 558 3378 vingt
603 3311 754 3362 mille
802 3314 1042 3364 hommes
1097 3311 1164 3366 de
1210 3313 1344 3382 pied
1389 3325 1443 3366 et
1487 3315 1610 3386 plus
1660 3314 1727 3366 de
1774 3314 1870 3365 dix
1920 3313 2069 3366 mille
2100 3315 2343 3366 chevaux

401 3395 542 3449 hons
578 3406 632 3448 et
669 3393 986 3450 effectivs.“
1027 3433 1284 3452 .....

461 3479 584 3546 „Je
629 3482 894 3534 n’insistai
927 3484 1086 3552 point
1120 3483 1438 3554 d'avantage
1474 3504 1565 3538 sur
1602 3498 1741 3538 cette
1777 3491 2121 3558 proposition
2136 3486 2172 3514 ‘⁶
2206 3507 2340 3558 per-

400 3567 476 3634 git
511 3569 572 3618 in
607 3567 801 3620 litteris
837 3569 1207 3638 Feuquierius.

467 3653 608 3704 Eum
639 3654 700 3704 in
735 3652 901 3708 finem
936 3658 1070 3710 haec
1107 3669 1278 3710 errata
1312 3659 1689 3724 refutavimus,
1748 3669 1807 3708 ut
1842 3678 2001 3727 quam
2040 3659 2216 3712 obiter
2249 3661 2339 3712 le-

399 3738 642 3806 viterque
687 3741 730 3792 F
735 3754 1000 3795 oersterus
1048 3744 1125 3809 is,
1189 3745 1290 3814 qui
1332 3764 1519 3798 omnes
1574 3746 1709 3797 alios
1754 3747 2100 3798 vehementer
2144 3764 2337 3798 socor-

399 3822 525 3876 diae
579 3826 1054 3897 negligentiaeque
1123 3835 1485 3898 accusaverit,
1555 3841 1734 3886 rei-um
1790 3835 2077 3906 scriptores
2124 3833 2337 3901 legerit,

401 3907 736 3963 documentis
773 3916 1215 3985 approbaremus.

331 3991 432 4062 52)
468 3995 537 4049 cf.
579 3995 844 4052 Chemm'tz
883 3999 923 4054 l.
958 4000 999 4052 l.
1071 4002 1142 4054 Τ.
1169 4002 1234 4053 11.
1277 4022 1334 4074 p.
1361 4002 1448 4057 39.
1490 4000 1575 4056 40.

331 4078 433 4148 53)
469 4082 538 4134 cf.
575 4081 709 4134 ibid.
755 4103 809 4152 p.
833 4086 920 4137 37.
959 4087 1046 4141 38.

334 4165 562 4240 54225.
593 4170 682 4224 die
723 4171 1054 4236 Marusibid.
1095 4193 1148 4244 p.
1177 4173 1262 4228 98.
