2817 4825
1127 438 1835 515 *46—

440 631 956 711 quod²Saxoniae
1001 630 1309 693 Electoris
1351 632 1535 706 fides,
1599 652 1802 712 neque
1844 632 2160 693 immerito
2175 674 2193 707 ‚
2238 632 2525 694 -Gustavo

436 729 727 812 Adolpho
772 718 1019 794 mortuo
1067 743 1199 793 erat
1241 743 1541 813 suspecta.
1630 736 1730 795 Ex
1773 734 1869 795 his
1908 735 2128 814 igitur,
2198 755 2354 814 quae
2390 735 2522 795 sin-

435 826 564 913 guli
630 836 1140 917 Evangelicorum
1198 838 1465 917 partium
1529 837 1681 895 socii
1741 837 1818 897 ad
1872 838 2327 918 propositiones
2385 828 2526 897 snas¹

433 940 919 1020 responderunt,
979 940 1382 1014 Fridlandus,
1444 959 1635 1019 quum
1674 940 2052 1001 Arnhemius
2095 941 2372 1001 omnium
2417 960 2520 998 so·-

433 1042 531 1101 lus
588 1045 664 1102 ab
707 1043 1102 1102 Elector-ibus
1145 1043 1450 1103 saxoniae
1494 1051 1559 1101 et
1600 1042 2140 1121 Brandenburgiae
2180 1043 2257 1101 ad
2296 1040 2519 1101 foedus

379 1192 382 1195 .
432 1140 615 1222 plane
677 1146 1130 1205 conficiendum
1194 1145 1565 1206 auctoritate
1627 1146 1877 1225 publica
1939 1153 2100 1205 esset
2161 1145 2521 1217 instructus,

431 1246 599 1326 pacti
649 1247 770 1307 rati
813 1246 1082 1306 habendi
1123 1248 1455 1307 consilium
1499 1268 1717 1329 capere
1754 1267 1883 1307 non
1924 1248 2149 1329 potuit.
2229 1230 2520 1305 'Fortasse

433 1350 617 1409 etiam
682 1351 801 1409 sibi
863 1351 983 1431 ipsi
1036 1371 1192 1429 quae
1247 1361 1455 1411 essent
1510 1349 1739 1429 agenda
1799 1372 1925 1410 non
1982 1350 2167 1431 plane
2221 1348 2519 1434 constitit.

431 1451 652 1529 Neque
707 1452 870 1510 enim
925 1455 1111 1514 rebus
1168 1474 1308 1512 cum
1358 1456 1559 1532 legato
1604 1454 1736 1513 solo
1780 1454 1930 1513 actis
1971 1434 2511 1533 Frsricogallorum

429 1551 616 1630 Regis
671 1554 864 1635 ipsius
917 1576 1122 1635 neque
1165 1554 1621 1617 Oxenstiernae
1674 1560 1979 1615 sententia
2030 1552 2213 1637 plane
2268 1554 2515 1634 perspi*

431 1656 648 1715 cienda
705 1668 867 1731 erat,
939 1659 1029 1719 ita
1084 1669 1157 1719 ut
1208 1658 1515 1718 haesitare
1570 1666 1803 1739 posset,
1876 1680 2194 1738 quousque
2247 1657 2341 1717 illi
2387 1656 2513 1713 suis

428 1756 714 1818 faverent
770 1760 1058 1819 consiliis.
1159 1760 1481 1822 Electores
1538 1770 1774 1821 tantum
1834 1761 2140 1819 Saxoniae
2195 1770 2259 1821 et
2309 1762 2511 1818 Bran·
2554 1788 2564 1796 κ

429 1858 802 1939 denburgiae
845 1882 986 1920 eum
1029 1883 1095 1921 se
1137 1862 1459 1923 adiuturos
1500 1861 1797 1943 polliciti,
1838 1862 1978 1924 ’sed
2022 1883 2213 1943 quum
2258 1872 2321 1921 et
2362 1859 2509 1941 opi-2

427 1962 542 2021 bus
585 1973 649 2021 et
692 1966 1058 2024 auctoritate
1099 1964 1266 2024 inter
1299 1965 1704 2043 Evangelicos
1748 1984 1876 2023 non
1910 1964 2173 2023 multum
2208 1956 2532 2033 valerent,'

427 2084 646 2123 eorum
688 2065 991 2125 auxilium
1030 2066 1271 2126 minimi
1305 2076 1440 2126 erat
1476 2069 1793 2127 momenti.
1882 2067 2125 2142 Quibus
2159 2066 2377 2144 igitur,
2434 2074 2507 2124 ut

428 2166 810 2227 deliberandi
854 2168 1372 2249 exspectandique
1414 2172 1677 2248 spatium
1720 2160 2007 2245 haberet,
2067 2190 2257 2231 novas
2298 2168 2509 2249 prius-

428 2290 606 2347 qnam
661 2278 838 2347 pacta
893 2270 1293 2331 concluderet
1348 2273 1819 2333 consociationis
1876 2272 2259 2332 conditiones
2316 2269 2507 2331 Fridx

423 2370 644 2432 landus
680 2373 1035 2452 proposuit,
1081 2384 1152 2433 ut
1178 2372 1645 2448 Vratislaviam,
1690 2373 2227 2447 Schweidnitiam,
2272 2373 2505 2450 G'loga-

423 2475 592 2536 viam
652 2491 958 2554 magnam,
1025 2481 1222 2536 terras
1277 2475 1652 2556 principales
1696 2475 2052 2556 Evangelici
2104 2475 2249 2535 sibi·
2277 2495 2502 2533 concc-

424 2575 674 2650 d'erent,
741 2577 1087 2654 postulans,
1115 2574 1218 2654 ⁶⁸)
1291 2577 1376 2637 ita
1434 2587 1506 2638 ut
1561 2579 1873 2657 pactiones
1915 2598 2055 2637 eum
2101 2577 2268 2637 velle
2309 2561 2502 2655 prac-

422 2675 630 2736 cidere
677 2689 1018 2756 appareret.
1103 2677 1515 2737 Arnhemium
1570 2680 1667 2738 his
1718 2679 2173 2740 conditionibus
2204 2679 2341 2738 'non
2384 2685 2500 2739 axi-³

420 2797 612 2836 nuere
635 2779 831 2858 ‘p‘osse
869 2779 1056 2839 facile
1088 2777 1221 2840 'fuit
1261 2780 1606 2843 intellectu.

446 2887 454 2892 “
590 2887 850 2947 Omissis
891 2889 1082 2967 igitur
1120 2889 1506 2970 pactionibus
1548 2891 1936 2972 induciisque
1970 2889 2255 2963 sublatis,
2287 2889 2495 2960 {Prid-

416 2987 636 3048 landus
669 2988 1176 3071 Scliweidnitiam
1213 2991 1431 3050 urbem
1464 3012 1773 3070 aggressus
1810 3003 1931 3068 est,
1987 2994 2126 3053 fore
2160 3003 2231 3052 ut
2264 2981 2501 3077 repen-{

415 3097 480 3149 te
535 3107 650 3172 per
685 3091 812 3151 vim
859 3110 994 3150 eam
1037 3102 1449 3173 expugnaret,
1516 3115 1797 3173 sperans,
1866 3095 1975 3156 sed
2016 3095 2226 3174 pulsus
2270 3095 2333 3152 iu
2380 3115 2493 3151 ca·-

413 3196 555 3252 stris
611 3203 675 3252 et
729 3202 958 3254 natura·
1003 3205 1068 3256 et
1116 3204 1249 3254 arte
1290 3195 1549 3256 munitis
1591 3197 1935 3257 exercitum
1978 3198 2314 3270 continuit,
2381 3188 2499 3257 id-'

413 3317 532 3375 que
577 3297 812 3364 effecit,
873 3306 944 3353 ut
988 3296 1170 3354 Sueci
1211 3305 1274 3353 et
1317 3298 1593 3357 Saxones
1637 3297 1797 3358 nihil
1839 3318 2017 3376 agere
2058 3299 2356 3358 valerent.
2497 3297 2501 3302 ’

535 3407 550 3421 ’
579 3387 727 3482 Noti
781 3404 1212 3483 responderat,
1285 3414 1355 3464 ut
1397 3408 2045 3482 commemoravimus,
2113 3391 2501 3467 Fridlsndns

409 3507 482 3566 ad
540 3531 644 3582 ea,
679 3491 866 3585 'quae
923 3507 981 3564 ei
1031 3507 1575 3585 Francogallorum
1632 3509 1865 3588 legatus
1906 3497 2191 3588 ⁴Kinskyo
2240 3507 2493 3568 Comite'

406 3593 792 3667 internuntio
849 3611 1190 3686 aperuerat.
1281 3609 1422 3684 Qua
1476 3630 1547 3669 re
1601 3611 1875 3689 itemque
1920 3611 2185 3671 induciis
2224 3633 2337 3692 per
2382 3608 2501 3670 8³ss

405 3710 632 3779 lesiam,
677 3719 801 3767 tam
859 3718 1116 3787 repente
1174 3710 1430 3769 sublatis
1488 3721 1862 3783 commotus,
1938 3713 2345 3794 Feuquierius
2406 3715 2485 3772 de

405 3832 554 3872 vera
596 3811 996 3874 consiliorum
1030 3809 1354 3872 Fridlandi
1395 3813 1635 3872 ratione
1670 3815 1954 3874 dubitare
1986 3815 2221 3894 coepit,
2280 3836 2482 3895 neque

465 4041 572 4107 ’68)
607 4043 673 4093 cf.
713 4041 904 4105 &bem
922 4045 1067 4114 niss‘,
1111 4047 1279 4102 ffibst.
1319 4049 1507 4117 p.165.
1578 4049 1882 4119 Pefimclotf
1900 4049 2200 4106 comment.
2265 4057 2387 4108 Lib.
2408 4060 2475 4110 V.

543 4153 596 4202 p.
631 4135 742 4182 112.
810 4137 966 4201 Feuq.
1005 4140 1278 4188 Me'moim
1315 4151 1362 4186 et
1398 4151 1571 4206 negot.
1612 4139 1652 4186 Ῑ.
1700 4157 1754 4206 p.
1786 4139 1887 4188 273
1926 4157 2076 4206 seqq.
