2817 4825
1003 436 1400 513 ..m-..45
1512 476 1709 497 ...-.

315 624 685 703 Feriamque
740 624 962 687 ducem
1022 646 1164 686 cum
1223 626 1577 707 Hispanicis
1622 622 1835 707 Copiis
1888 624 1958 687 in
2000 622 2401 685 Germaniam

313 726 746 807 profecturum
763 768 780 798 ‚
851 726 1036 785 facile
1092 746 1236 790 eum
1280 726 1630 805 intelligere
1672 744 1850 803 posse
1890 725 2124 787 iterum
2161 724 2235 785 ab
2276 724 2403 787 ini-„-

309 829 500 909 perio
549 850 614 887 se
669 828 750 887 iri
805 836 1098 887 amotum.
1189 828 1400 905 Quare
1455 848 1581 887 non
1634 839 1871 888 temere
1926 837 2207 888 acturum
2250 826 2404 889 Ele-

315 942 585 1003 ctorem,
643 950 833 1009 quum
881 931 1166 989 omnibus
1209 951 1455 1011 semper
1498 931 1830 1009 diligenter
1864 929 2206 991 observatis
2242 946 2403 992 con·-

315 1033 471 1094 siliis
517 1034 650 1093 eius
693 1044 1014 1093 annueret.
1045 1030 1146 1111 ⁶⁴)
1812 1088 1819 1095 .

484 1134 765 1195 Dresdae
799 1135 1112 1195 diversum
1151 1136 1216 1195 in
1239 1134 1489 1195 modum
1516 1134 1795 1196 inducias
1818 1133 2212 1213 interpretati
2211 1122 2402 1194 sunt,

313 1238 444 1299 Alii
508 1237 672 1297 enim
733 1237 1008 1298 Caesaris
1068 1247 1309 1298 tantum
1367 1238 1625 1299 utilitati
1678 1238 2058 1299 consuluisse
2112 1234 2403 1295 Fridlan-

314 1338 498 1411 dum,
578 1338 707 1404 alii,
750 1337 920 1416 iique
990 1338 1375 1399 accuratiore
1442 1359 1657 1399 rerum
1726 1339 2076 1419 cognitione
2137 1359 2205 1397 se
2272 1356 2404 1399 esse

313 1440 586 1499 imbutos
648 1441 800 1515 rati,
875 1440 939 1497 id
1004 1449 1243 1500 tantum
1307 1462 1451 1501 eum
1507 1452 1807 1521 spectasse
1862 1448 2263 1514 censuerunt,
2317 1447 2404 1501 ⁹111:

305 1562 392 1602 ·eo
449 1544 697 1604 facilius
755 1565 895 1603 cum
943 1541 1232 1602 Thurnio
1279 1542 1526 1603 Comite
1579 1552 1821 1629 ageret,
1878 1563 2061 1621 quem
2100 1544 2234 1621 ipse
2271 1552 2402 1603 sta}

314 1645 430 1704 tim
485 1646 566 1705 ad
617 1668 682 1705 se
723 1647 1050 1719 invitavit3
1125 1654 1187 1704 et
1231 1644 1328 1705 his
1374 1645 1660 1705 omnibus
1705 1645 2113 1705 Fridlandum
2158 1646 2405 1705 efficere

315 1750 514 1822 velle,
583 1762 655 1810 ut
697 1773 732 1809 a
777 1749 1038 1807 Caesare
1079 1750 1261 1827 plane
1305 1748 1689 1809 descisceret.
1776 1748 2065 1823 Quorum
2109 1746 2403 1809 consiliet-

315 1872 458 1913 rum
513 1872 645 1911 non
690 1852 970 1910 Viennae
1024 1852 1259 1925 solum,
1327 1871 1547 1911 verum
1592 1851 1780 1909 etiam
1825 1852 1891 1909 in
1933 1853 2217 1915 exercitu
2257 1868 2401 1912 caes-

317 1955 556 2015 sariano
605 1954 988 2014 increbuisse
1029 1954 1278 2012 famam.
1305 1948 1408 2029 ⁶⁵)

487 2058 705 2137 Itaque
747 2057 982 2115 Ioanne
1026 2054 1328 2132 Georgio,
1370 2056 1671 2115 Saxoniae
1713 2058 2032 2130 Electore,
2076 2056 2403 2115 Fridlandi

318 2158 579 2220 consilia
635 2157 801 2218 haud
857 2167 1252 2237 aspernante,
1324 2155 1767 2230 Oxenstierna,
1838 2160 2177 2219 suecorum
2234 2158 2403 2217 Can-

317 2261 604 2321 cellarius
670 2270 848 2320 caute
901 2256 1287 2338 provideque
1343 2258 1551 2317 omnia
1603 2258 2045 2339 circumspexit
2095 2260 2402 2319 rationes-

315 2384 436 2444 que
479 2362 796 2424 subduxit.
886 2360 1016 2438 Qui
1059 2380 1249 2440 quum
1290 2362 1620 2440 prudentia
1662 2382 1907 2444 semper
1946 2372 2007 2424 et
2045 2361 2403 2422 considera·-

314 2467 487 2528 tione
539 2466 825 2545 inprimis
889 2485 1043 2542 opus
1103 2483 1234 2523 esse
1286 2473 1566 2543 putaret,
1592 2463 1693 2544 ⁶⁶)
1766 2467 1883 2528 hac
1936 2487 2182 2547 quoque
2223 2465 2291 2523 in
2326 2483 2401 2524 re

314 2589 442 2630 non
490 2567 856 2628 festinanter
913 2577 1272 2645 temereque
1325 2567 1627 2646 agendum
1670 2577 1869 2643 ratus,
1939 2567 2227 2628 Thur-nio
2270 2566 2400 2626 Co·-

315 2671 490 2744 miti,
557 2670 815 2730 haberet
869 2669 988 2728 sibi
1043 2668 1576 2744 commendatum,
1645 2670 1919 2750 scripsit,
1992 2691 2074 2732 ne
2126 2687 2256 2730 non
2298 2651 2400 2732 as-

313 2791 579 2852 pernans
631 2771 880 2850 quidem
926 2770 1251 2830 Fridlandi
1302 2773 1651 2852 proposita,
1719 2793 2135 2854 praepropere
2175 2779 2399 2856 ageret,

313 2873 403 2933 ita
437 2883 539 2944 ut,
597 2891 845 2952 quoquo
883 2872 1334 2932 inclinarentur
1363 2893 1495 2946 res,
1550 2883 1709 2934 esset
1738 2885 2008 2957 paratus.-
2034 2874 2137 2952 ⁶⁷)
2219 2877 2399 2938 Mul-

315 2983 415 3033 tae
449 2984 512 3033 et
545 2973 750 3033 variae
781 2971 1167 3032 cancellario
1203 2973 1463 3034 fuerunt
1496 2995 1716 3036 causae
1747 2977 2169 3039 dubitationis.
2250 2982 2399 3042 Du-

313 3075 538 3136 bitavit
582 3074 777 3147 enim,
848 3094 925 3133 an
969 3076 1280 3135 exercitus
1325 3079 1655 3138 caesariani
1697 3081 2151 3160 praefectorum
2190 3084 2400 3144 tribu·-

313 3195 661 3254 norumque
728 3175 963 3235 animos
1025 3177 1114 3234 ita
1166 3177 1286 3235 sibi
1339 3179 1791 3240 conciliavisset
1846 3180 2248 3260 Fridlandus,
2326 3195 2400 3248 ut

313 3279 629 3351 omnibus,
687 3296 844 3356 quae
885 3277 960 3337 ab
1005 3279 1082 3339 iis
1123 3280 1497 3358 postularet,
1550 3279 1972 3344 satisfacerent
1981 3306 2000 3360 3
2064 3287 2399 3370 timuitque

312 3401 535 3461 porro,
593 3400 675 3439 ne
719 3377 844 3453 his,
904 3400 1061 3459 quae
1101 3382 1585 3461 praeposuisset,
1629 3383 2046 3466 =Evangelicos
2080 3389 2303 3450 fallere
2334 3401 2399 3452 et

312 3481 402 3540 ita
456 3501 610 3560 quae
669 3481 738 3542 vi
778 3501 844 3539 se
887 3481 1256 3559 adepturum
1302 3482 1779 3564 desperavisset,
1844 3488 2083 3548 insidiis
2125 3492 2401 3572 doloque

314 3582 570 3662 adipisci
633 3582 847 3642 vellet.
934 3583 1260 3643 Praeterea
1300 3583 1368 3642 id
1411 3606 1658 3666 quoque
1703 3588 2159 3654 cancellarium
2198 3594 2399 3670 movit,

381 3777 480 3847 64)
517 3781 586 3833 cf.
620 3784 956 3835 K72even7u'ell
957 3787 1004 3834 ri
1040 3786 1242 3837 Annal.
1315 3785 1385 3839 Τ.
1414 3789 1540 3841 XII.
1575 3810 1631 3861 p.
1660 3788 1781 3845 581.

381 3866 476 3932 65)
518 3868 606 3920 cf.
624 3869 913 3923 Memoires
955 3882 1004 3924 et
1043 3879 1223 3938 negot.
1262 3872 1330 3924 de
1365 3874 1713 3943 Feuquieres.
1782 3878 1844 3929 P.
1871 3878 1912 3930 1.
1956 3897 2014 3948 p.
2040 3873 2162 3932 246.

379 3949 481 4018 66)
524 3952 592 4004 of.
630 3951 814 4014 ffiriefe
846 3952 1237 4018 Drenstierna‘s
1271 3969 1342 4010 nn
1381 3956 1557 4020 {einen
1587 3959 1780 4027 &obn
1831 3959 2252 4029 &erantnegeben
2288 3939 2395 4052 usti

449 4034 692 4105 &iernen
733 4037 907 4102 (citirt
943 4042 1062 4104 aad)
1097 4039 1167 4107 ί).
1209 4051 1256 4096 υ.
1293 4043 1576 4110 meamet).

379 4122 479 4192 67)
521 4124 591 4177 cf.
633 4121 986 4194 &benuntia
1032 4125 1136 4182 Βῆ.
1163 4132 1213 4182 2.
1250 4149 1306 4198 p.
1335 4130 1451 4184 155.
