2817 4825
1125 420 1817 497 ...-......-42-.........

434 624 627 687 qum
660 609 1051 692 plerumque·
1083 611 1232 673 fieri
1273 612 1469 673 sole'at
1482 652 1500 685 ,
1570 618 1645 673 ut
1684 612 1761 672 'ab
1795 612 1925 671 alio
1968 553 2253 691 quodam
2280 610 2525 693 existo-⁴

428 720 608 771 retm-
661 715 967 775 sententia
1009 716 1174 789 eius,
1239 724 1511 793 quocum
1553 714 1775 794 agendi
1813 714 2099 775 voluntas
2137 716 2295 789 sit,
2322 717 2528 777 etiam

428 811 546 873 hae
583 814 666 874 de
703 834 884 877 eausa
924 818 1190 897 probare
1227 809 1524 881 debemus
1558 816 2099 895 Francoga'llorum
2138 817 2347 897 legati·
2364 838 2549 881 sen-v·
2602 820 2611 829 '

427 918 716 989 tentiam,
785 920 953 997 quod
995 918 1311 997 Kinskyus
1357 917 1579 979 Comes
1636 936 1833 998 usque
1874 917 1951 977 ad
1995 916 2321 979 Fridlandi
2361 923 2525 981 exi-⁴

426 1028 562 1078 tum
607 1016 806 1092 omui,
859 1030 933 1079 ut
974 1028 1186 1098 postea
1217 1018 1565 1097 apparebit,
1608 1026 1902 1097 -tempore
1935 1019 2135 1092 Duci,
2188 1020 2296 1099 qui
2330 1016 2529 1082 sumi

425 1109 686 1201 mopere.
721 1121 840 1201 ipsi
879 1114 1172 1192 confidit,
1223 1131 1357 1180 erat
1399 1142 1481 1180 ex
1522 1118 1949 1182 familiaribus.

594 1223 1002 1301 Feuquierius
1035 1223 1254 1301 igitur,
1313 1244 1473 1303 quae
1514 1222 1827 1301 Kinskyus
1860 1223 2271 1295 indicaverat,
2313 1222 2507 1285 Fri&-

421 1322 594 1385 landi
645 1324 838 1403 ipsius
893 1324 1150 1386 consilia
1189 1319 1420 1397 ratus,
1464 1345 1595 1385 non
1636 1325 1833 1385 multo
1882 1335 2045 1404 post,
2112 1347 2195 1385 ne
2234 1324 2389 1406 quid
2432 1326 2503 1385 in

421 1425 520 1486 his
573 1428 762 1487 rebus
815 1426 1165 1487 cunctando
1219 1428 1591 1507 negligeret,
1653 1426 1895 1488 litteras
1950 1428 2028 1487 ad
2066 1427 2247 1487 illum
2289 1426 2501 1487 italico

419 1547 720 1590 sermone⁴
769 1530 1144 1611 conscriptas
1179 1531 1400 1605 ·misit,
1479 1530 1699 1609 quibus
1754 1530 1976 1589 callide
2030 1548 2101 1586 ac
2154 1528 2505 1610 prudenter

417 1632 711 1694 universo
744 1652 955 1694 rerum
988 1641 1152 1697 statu
1188 1632 1495 1712 copiosius
1530 1632 1839 1711 explicato
1870 1633 2325 1706 necessitatem,
2377 1650 2501 1709 qua

420 1744 668 1794 coactus
703 1756 738 1795 a
774 1733 1033 1793 Caesare
1067 1734 1460 1808 descisceret,
1507 1736 1671 1795 Duci
1706 1734 2121 1813 persuaderet.
2212 1733 2497 1810 Quarum

416 1835 768 1896 litterarum
822 1834 1004 1894 initio
1047 1832 1269 1912 ingrati
1313 1833 1588 1892 Caesaris
1632 1835 1945 1893 mentione
1987 1833 2177 1907 facta,
2236 1853 2497 1913 „neque

415 1937 484 1997 in
524 1948 849 2017 posterum·
879 1934 1215 1996 Fridlando
1257 1964 1342 1978 —-
1379 1936 1580 2015 pergit
1614 1966 1701 1977 —-
1732 1936 1995 1995 maiores
2032 1934 2355 1997 Caesarem
2388 1954 2499 1994 re·-

413 2040 690 2102 laturum
733 2039 974 2119 gratias.
1058 2036 1318 2115 Magnae
1359 2037 1525 2118 apud
1562 2036 1791 2096 milites
1836 2038 2219 2098 auctoritatis
2256 2037 2498 2097 invidia

416 2155 602 2223 atque
639 2145 718 2203 de
761 2142 883 2201 fide
924 2139 1344 2201 sollicitudine
1385 2142 1597 2221 priore
1638 2141 1764 2201 iam
1806 2151 2087 2220 tempore
2127 2140 2196 2199 in
2240 2142 2493 2201 concio·-

413 2268 493 2308 ne
527 2246 960 2324 Ratisponensi
995 2244 1069 2303 ab
1105 2248 1415 2303 exercitus
1449 2246 1710 2323 imperio
1742 2266 1885 2303 eum
1923 2255 2265 2319 remotum,
2317 2252 2493 2323 post-
2522 2296 2529 2300 Α

415 2370 485 2407 ea
539 2348 788 2427 quidem
849 2355 1241 2418 revocatum,
1305 2347 1410 2403 scd
1472 2355 1602 2404 tum
1663 2346 1943 2418 demum,
2014 2368 2205 2426 quum
2254 2332 2492 2425 graris-

411 2454 566 2512 sima
603 2450 850 2510 Caesari
886 2451 1338 2510 imminuissent
1375 2451 1668 2530 pericula.
1756 2450 2029 2526 Quaevis
2062 2447 2489 2510 dimicantium

410 2575 553 2635 pars
593 2554 918 2615 victoriam
963 2561 1340 2633 reportaret,
1409 2554 1611 2632 ipsum
1657 2551 1864 2612 nullos
1908 2551 2059 2610 belli
2102 2552 2343 2612 fructus
2386 2568 2492 2611 ca-

410 2644 684 2736 pturum.
771 2654 1031 2715 Caesare
1071 2655 1251 2713 ‘enim
1312 2655 1622 2714 debellato
1682 2656 1875 2715 totius
1930 2655 2121 2733 partis
2166 2656 2345 2715 ruina
2385 2655 2489 2734 ip-

409 2779 543 2818 sum
587 2777 834 2837 quoque
876 2756 1194 2836 perditum
1235 2757 1350 2830 iri,
1405 2757 1685 2817 hostibus
1725 2778 1879 2819 vero
1914 2758 2179 2817 subactis
2212 2757 2487 2838 primum

407 2860 659 2942 quidem
723 2857 1147 2918 auctoritatem
1206 2859 1396 2939 ipsius
1453 2871 1637 2940 atque
1690 2856 2029 2941 potentiam
2085 2868 2332 2918 auctum
2382 2857 2485 2929 iri,

407 2963 516 3023 sed
593 2961 774 3022 brevi
842 2961 1142 3038 temporis
1213 2965 1408 3039 spatio
1477 2962 1894 3042 praeterlapso
1961 2960 2188 3040 prioris
2260 2959 2485 3040 ingrati

407 3080 550 3141 erga
603 3063 805 3139 ipsum
865 3062 1056 3122 animi
1111 3066 1549 3125 conscientiam
1608 3067 2014 3126 excitaturam
2074 3063 2351 3124 Caesaris
2404 3062 2485 3120 de

403 3161 530 3224 fido
577 3162 986 3242 suspicionem
1030 3175 1216 3244 atque
1258 3165 1492 3224 invidia
1532 3176 1747 3227 vetere
1788 3186 1861 3224 ae
1901 3166 2141 3226 fallacia
2182 3165 2487 3224 inimico-

400 3284 544 3326 rum
599 3265 827 3324 iterum
884 3286 1029 3325 eum
1085 3267 1376 3327 obrutum
1426 3268 1527 3326 iri.
1609 3269 1833 3350 Neque
1872 3269 2197 3332 victoriam
2241 3270 2320 3327 de
2359 3267 2484 3326 ho-

399 3368 596 3427 stibus
651 3386 718 3425 se
769 3379 1230 3445 reportaturum
1286 3391 1535 3450 sperare
1590 3393 1734 3432 eum
1787 3393 1981 3453 posse.
2071 3370 2481 3432 Coniunxisse

400 3471 565 3530 enim
621 3489 752 3528 sese
794 3471 1063 3531 arctiore
1104 3491 1285 3552 quam
1327 3474 1501 3552 prius
1545 3474 1855 3535 societatis
1898 3475 2151 3536 vinculo
2192 3475 2479 3552 Evange-

395 3572 581 3643 licos,
638 3573 727 3631 ita
773 3581 845 3632 ut
886 3576 1171 3636 omnibus
1215 3574 1453 3638 viribus
1498 3577 1647 3638 belli
1684 3578 2027 3638 renovandi
2070 3587 2133 3636 et
2176 3595 2367 3656 usque
2398 3575 2483 3634 ad
2524 3599 2531 3648 j

396 3694 610 3754 pacem
687 3672 856 3734 haud
929 3676 1212 3756 iniquam
1285 3679 1674 3758 producendi
1750 3680 2079 3741 consilium
2154 3679 2479 3757 cepissent.

533 3862 587 3904 et
618 3851 909 3918 indecens,
967 3859 1032 3906 cle
1063 3877 1127 3908 ne
1155 3861 1328 3926 point-t
1358 3861 1537 3930 parler
1571 3863 1635 3912 de
1672 3860 1730 3911 la
1766 3863 2021 3924 Βοῆεηιε,
2073 3863 2120 3910 εἰ
2153 3879 2252 3910 non
2288 3877 2480 3910 comme

527 3937 572 3988 il
607 3956 644 3987 a
674 3951 783 3989 este
773 3939 985 4010 ''fazcte
1019 3963 1077 4012 cy
1112 3948 1311 4012 (lessus,
1359 3947 1448 3998 s’il
1480 3949 1627 3998 estoit
1665 3947 1713 3998 le
1748 3949 1905 4016 soing
1934 3967 2065 4015 pour
2079 3946 2353 4014 favori-ser
2386 3965 2479 3996 son

527 4026 742 4165 {Ibe-fuin-
761 4023 797 4052 “
833 4027 953 4170 ἐξ.
988 4029 1190 4096 ὓῗῦῐο,
1233 4031 1437 4102 θωνα
1475 4030 1755 4101 metabere
1794 4043 1899 4087 uon
1940 4030 2203 4098 &nebien
2217 4021 2475 4091 {wimar

754 4133 809 4182 Ρ·
