2817 4825
1011 437 1412 510 ---13

329 625 614 690 excusari
679 643 858 705 posse
933 632 1324 685 censuerunt.
1436 619 1831 685 Imminuisse
1900 638 2115 705 aspera
2178 622 2401 687 hiemis

325 737 642 807 tempora,
721 727 1018 806 pristinae
1082 726 1151 785 in
1219 725 1439 785 silesia
1496 725 1848 807 Marcisque
1896 726 2402 810 Brandenburgi-

321 832 415 891 cis
458 831 658 889 factae
699 828 1114 910 expeditionis
1153 826 1467 887 laboribus
1508 827 1595 888 ita
1633 836 1891 890 vexatos
1934 839 1998 891 et
2038 828 2403 907 defatigatos

327 933 522 1001 fuisse
573 931 838 1007 milites,
903 937 1006 1003 ut,
1069 930 1125 990 si
1179 926 1388 990 hostes
1440 950 1565 990 una
1617 931 1805 990 modo
1860 951 1897 989 e
1936 950 2138 1010 pugna
2181 930 2401 992 deces-

325 1036 546 1095 sissent
585 1033 884 1108 victores,
944 1052 1156 1093 omnes
1201 1030 1479 1092 Caesaris
1519 1033 1685 1096 vires
1723 1032 1985 1094 fuissent
2018 1034 2250 1094 fractae
2261 1052 2281 1108 3
2334 1040 2399 1091 at

326 1133 500 1196 facili
564 1154 754 1213 opera
814 1132 1066 1193 castella
1117 1133 1242 1192 iam
1306 1134 1384 1193 ab
1448 1131 1728 1194 hostibus
1768 1144 2087 1215 -oecupata
2140 1135 2398 1195 ineunte

324 1237 473 1296 anni
530 1230 713 1295 1634.
767 1244 996 1297 aestate
1051 1235 1121 1294 in
1166 1233 1444 1295 Caesaris
1482 1233 1745 1313 Augusti
1789 1244 2157 1314 potestatem
2198 1234 2399 1312 redigi

320 1338 616 1418 potuisse.
705 1336 970 1413 Quantis
1010 1346 1220 1398 autem
1262 1336 1331 1395 in
1375 1336 1645 1397 tenebris
1685 1358 1817 1397 esse
1856 1337 1953 1411 id,
2024 1335 2192 1416 quod
2230 1335 2399 1395 Pils-

321 1458 440 1501 nae
480 1437 821 1498 Fridlando
875 1447 1128 1498 auctore
1169 1446 1378 1499 actum
1424 1440 1611 1499 esset!
1700 1440 1905 1514 Quem
1948 1458 2073 1499 non
2114 1440 2399 1516 ignorare

323 1540 658 1602 clausulam
712 1539 788 1598 ad
837 1538 1157 1601 Caesarem
1197 1537 1546 1617 Augustum
1586 1540 2032 1617 pertinentem,
2104 1558 2287 1619 quam
2329 1537 2397 1595 in

321 1640 572 1701 famosis
624 1642 758 1701 istis
798 1641 1028 1701 litteris
1066 1640 1387 1701 reticuisse
1428 1640 1833 1701 Fridlandum
1874 1640 2398 1702 Khevenhillerus

319 1742 608 1803 referret.
694 1740 1102 1803 Fridlandum
1143 1762 1334 1821 porro
1375 1744 1463 1801 ita
1506 1744 1725 1819 egisse,
1784 1753 1856 1804 ut
1900 1743 2144 1805 Caesari
2180 1741 2397 1818 Augu·
2436 1728 2441 1737 ¹

321 1851 420 1903 sto
473 1845 710 1904 faventi
763 1841 887 1901 suis
942 1840 1241 1913 inimicis,
1312 1842 1420 1920 qui
1474 1844 1747 1903 animum
1804 1845 1935 1903 eius
1976 1863 2012 1901 a
2054 1840 2393 1903 Fridlando

229 2018 241 2023 -
323 1946 588 2012 alienum
659 1945 1078 2026 potissimum,
1163 1964 1243 2005 ex
1313 1966 1436 2025 quo
1498 1947 1703 2007 denuo
1762 1946 1841 2006 de
1895 1945 2177 2003 exercitu
2227 1941 2395 2023 pacti

321 2057 554 2124 essent,
621 2046 966 2119 auxissent,
1038 2056 1302 2124 quantus
1351 2058 1509 2108 esset
1564 2049 1835 2109 militum
1887 2067 2029 2127 erga
2078 2065 2145 2104 se
2200 2062 2391 2115 amor,

324 2147 693 2209 ostenderet.
779 2147 976 2209 Nullo
1033 2142 1286 2209 omnino
1327 2150 1737 2212 Fridlandum
1794 2169 1831 2209 a
1875 2149 2133 2208 Caesare
2175 2144 2393 2222 Augu-
2430 2150 2435 2156 ”

319 2254 433 2321 sto:
486 2248 824 2310 desciscere
881 2249 1154 2308 voluisse
1203 2240 1589 2313 'documento
1648 2253 1904 2331 probari
1956 2268 2163 2328 posse:
2246 2264 2389 2304 nam
2428 2232 2433 2237 ’

321 2354 538 2434 utique
578 2350 791 2414 mirari
833 2360 1153 2433 oportere,
1216 2373 1328 2414 cur
1365 2374 1493 2414 non
1534 2355 1845 2436 principes
1888 2374 1923 2412 e
1962 2361 2145 2432 gente
2182 2347 2391 2409 Habs-
2422 2342 2425 2345 ’

317 2457 569 2537 burgica
621 2465 754 2516 acta
805 2456 934 2522 litis
987 2456 1057 2515 in
1113 2477 1257 2517 eum
1297 2457 1574 2519 intentae
1611 2459 1849 2540 publici
1888 2459 2042 2520 iuris
2082 2455 2390 2523 fecissent,

319 2560 528 2638 itaque
569 2556 670 2628 id,
745 2557 911 2637 quod
952 2557 1378 2617 Ferdinandus
1420 2560 1629 2640 lepide
1670 2561 1955 2633 dixisset,
2016 2558 2389 2618 refutantes:

319 2659 570 2738 „Ducis
603 2659 840 2719 crimen
875 2679 1004 2719 esse
1037 2660 1234 2719 multo
1265 2662 1472 2723 minus
1508 2673 1689 2722 atrox
1724 2683 1905 2745 quam
1933 2663 2127 2743 ipsius
2149 2648 2391 2720 inimici

318 2761 506 2842 paulo
551 2759 1014 2840 malignior-ibus
1058 2761 1277 2823 animis
1316 2764 1675 2842 figurarent.
1690 2767 1727 2800 “
1755 2763 1852 2844 ¹⁴)
1940 2764 2155 2841 Quid?
2221 2759 2391 2840 quod

320 2874 386 2924 et
415 2861 793 2923 Ferdinandi
831 2860 1106 2924 Caesaris
1135 2863 1400 2942 Augusti
1440 2869 1673 2945 posteri
1706 2870 1856 2947 ipsi,
1911 2888 2060 2928 num
2095 2865 2389 2926 Fridlan-

321 2965 436 3027 dus
488 2965 629 3024 iure
671 2962 906 3025 occisus
944 2973 1134 3041 esset,
1199 2965 1687 3032 dubitavissent?
1774 2970 1981 3046 Quem
2023 2970 2093 3030 in
2130 2968 2387 3028 modum

315 3065 710 3146 Leopoldum
767 3064 1091 3128 Caesarem
1139 3067 1484 3148 Augustum
1540 3091 1703 3136 anno
1760 3067 1943 3136 1673.
1985 3075 2214 3151 Pragae
2268 3069 2393 3128 ali-2
2454 3125 2461 3134 .

319 3178 473 3248 quot
525 3167 655 3228 dies
707 3169 787 3228 ad
842 3171 1048 3249 copias
1101 3182 1319 3233 contra
1357 3175 1787 3255 Francogallos
1828 3183 2169 3235 contractas
2212 3192 2389 3231 com-

316 3279 626 3331 moratum
676 3264 1085 3348 inspiciendas
1135 3274 1380 3336 cuidam
1418 3277 1915 3338 consiliariorum
1952 3277 2024 3338 in
2064 3273 2391 3336 Fridlandi

315 3372 498 3437 aedes
530 3371 793 3451 digitum
828 3371 1180 3435 intendenti
1214 3379 1457 3441 verbis:
1511 3381 1731 3454 „Ecce
1763 3381 1983 3441 domus
2012 3377 2353 3461 proditoris
2363 3393 2385 3451 ς

313 3473 732 3554 respondisse,
799 3492 950 3534 num
1009 3487 1180 3539 certo
1233 3479 1453 3554 sciret,
1492 3482 1930 3542 ·Frid1andum
1986 3482 2177 3542 fuisse
2232 3499 2387 3560 pro-

317 3574 656 3637 ditorem.“
737 3573 836 3634 Ita
875 3576 1040 3636 enim
1083 3578 1150 3638 in
1191 3583 1671 3661 manuscriptis
1711 3603 1962 3644 narrare
2006 3581 2385 3654 Minellium,

317 3677 885 3760 quendam-Agriae
935 3681 1386 3760 magistratum,
1454 3686 1565 3764 qui
1616 3687 1813 3746 multa
1858 3687 1938 3746 ad
1980 3683 2391 3747 Fridlandum·

315 3781 652 3859 spectantia
704 3779 989 3862 inprimis
1044 3803 1079 3841 e
1119 3784 1320 3844 Patris
1361 3788 1557 3865 Sergii
1598 3788 1901 3850 Friderici
1940 3788 2385 3848 Franciscano-

314 3899 459 3940 rum
503 3881 710 3941 ordini
745 3882 1040 3962 adscripti
1081 3887 1483 3969 compilasset.
1510 3885 1607 3966 ι3)

388 4039 487 4107 14)
529 4042 596 4093 cf.
632 4045 867 4112 Riceius,
918 4065 974 4114 p.
997 4043 1118 4100 449.

387 4124 483 4196 1⁵)
517 4127 586 4180 cf.
627 4123 830 4186 wurt-
868 4129 1040 4188 Βᾶτε.
1083 4143 1172 4197 μιν
1213 4126 1497 4202 &efdyidyte
1530 4135 1623 4192 tes
1663 4133 1865 4204 ὃοίᾶῡτ.
1906 4135 2132 4204 ,stt-tenes
2164 4161 2218 4210 p.
2246 4141 2363 4194 361.
