2817 4825
967 441 1670 511 *15*

285 641 466 693 natus
499 637 702 701 esset,
758 625 836 687 iis
876 624 1264 707 potissimum
1297 626 1537 704 egregie
1570 623 1849 706 probari,
1904 642 2061 704 quae
2094 622 2177 687 de
2206 643 2355 685 cau-

266 744 354 793 'sa
395 734 532 793 eius
571 741 710 793 acta
746 736 966 789 essent.
1051 726 1212 789 Nam
1257 730 1537 789 omnium
1576 746 1829 789 reorum
1862 747 1944 789 ne
1974 727 2179 789 ullum
2212 727 2359 807 qui·-

289 834 434 895 dem
489 832 858 913 proditionis
901 834 1261 895 convictum
1299 852 1451 893 esse.
1538 832 1871 912 Nunquam
1918 833 2145 893 Suecos
2188 838 2361 889 cete-

288 958 516 1017 rosque
567 938 1048 999 Protestantium
1094 936 1421 997 Fridlandi
1472 935 1805 1014 propositis
1858 933 2047 995 fidem
2086 932 2360 1005 dedisse,

291 1039 492 1101 nullas
531 1040 772 1101 litteras
813 1038 894 1101 ad
935 1038 1352 1118 proditionem
1397 1039 1809 1117 pertinentes,
1876 1056 2027 1116 quas
2054 1056 2182 1096 sua
2225 1053 2359 1093 ma·—

289 1160 381 1201 nu
415 1142 802 1221 exaraverit
825 1140 1202 1202 Fridlandus
1254 1148 1561 1221 repertas,
1628 1160 1757 1220 qua
1802 1158 1877 1199 re
1930 1157 2056 1198 non
2098 1155 2361 1217 parvum

291 1244 423 1304 cius
463 1243 854 1303 innocentiae
893 1244 1186 1303 accedere
1223 1243 1702 1303 firmamentum.

460 1345 557 1405 Ita
597 1353 662 1405 et
700 1364 914 1405 rerum
945 1346 1174 1407 rationi
1210 1356 1275 1405 et
1305 1346 1588 1407 virorum
1622 1345 1899 1424 ipsorum
1929 1342 2177 1419 ingenio
2210 1358 2363 1397 con-

292 1448 486 1511 traria
537 1447 824 1507 subditur
877 1448 1328 1527 interpretatio.
1432 1448 1754 1509 Pactiones
1811 1467 1847 1507 a
1902 1443 2239 1505 Fridlando
2294 1442 2362 1497 in

293 1538 514 1609 Silesia
565 1550 878 1627 inceptae,
946 1570 1094 1628 quas
1146 1562 1220 1611 ut
1262 1551 1633 1631 proditionis
1675 1550 2045 1609 documenta
2089 1542 2365 1602 Caesaris

295 1651 561 1729 Augusti
615 1650 950 1711 consiliarii
1005 1654 1464 1732 exprobarunt,
1534 1652 1858 1712 Friderico
1881 1653 2231 1717 ‚Foerstero
2284 1643 2364 1701 ad

297 1751 578 1812 Caesaris
615 1750 873 1830 Augusti
915 1754 1246 1815 utilitatem
1289 1756 1686 1828 referuntur,
1740 1764 2048 1831 tamquam
2094 1750 2368 1807 Saxones

297 1863 366 1915 et
415 1850 986 1932 Brandenburgicos
1038 1857 1098 1914 ei
1149 1858 1682 1920 reconciliaturae.
1770 1854 1958 1932 Quod
1996 1846 2367 1912 Fridlandus

295 1958 368 2016 in
406 1957 731 2020 Bavariam
787 1956 960 2020 lento
1002 1961 1315 2039 profectus
1355 1961 1467 2035 sit,
1538 1970 1613 2021 ut
1650 1955 2080 2019 Bernhardum
2122 1954 2366 2011 Ducem

303 2056 567 2119 Caesare
621 2055 871 2136 Auguso
931 2062 1186 2125 iubente
1248 2065 1515 2145 pelleret
1564 2064 2083 2141 Ratisponamque
2136 2054 2368 2114 libera-

299 2167 402 2221 tet
454 2156 806 2233 obsidione,
872 2161 940 2221 id
995 2163 1161 2241 quod
1213 2163 1669 2226 accusatoribus
1708 2160 2079 2242 proditionis
2120 2166 2215 2217 est
2255 2176 2368 2215 ar-

299 2268 692 2340 gumentum,
759 2259 946 2321 fidem
1005 2264 1242 2343 egregie
1281 2266 1548 2343 probare
1586 2273 1843 2343 putatur
1886 2261 1957 2320 F.
1999 2259 2067 2319 F.
2082 2303 2101 2334 ‚
2176 2276 2367 2338 quum

300 2361 672 2426 Fridlandus
727 2380 798 2422 ea
851 2364 1094 2426 ratione
1134 2370 1510 2442 exercitum,
1572 2368 1639 2429 in
1684 2387 1806 2446 quo
1851 2364 2068 2426 omnis.
2095 2361 2370 2450 Caesaris

299 2464 566 2544 Augusti
603 2467 854 2528 fortuna
894 2470 1093 2547 posita
1134 2469 1358 2546 fuerit,
1415 2492 1452 2531 a
1494 2481 1675 2532 certo*
1707 2471 1967 2534 interitu
2006 2466 2367 2528 servaverit.

471 2565 614 2624 Tali
669 2551 856 2628 modo
898 2568 966 2627 id
1010 2569 1177 2647 quod
1213 2570 1614 2630 accusationis
1658 2570 2150 2631 corroborandae
2192 2579 2372 2640 causa

303 2665 559 2726 allatum
615 2675 735 2741 est,
805 2668 1168 2731 Foersterus
1219 2671 1288 2731 in
1328 2671 1655 2734 Fridlandi
1695 2673 2117 2735 defensionem
2158 2669 2372 2756 vertit.

307 2767 499 2844 Quod
534 2788 686 2830 vero
727 2771 779 2832 si
823 2772 1318 2852 comprobamus,
1385 2795 1569 2854 quam
1601 2776 1790 2836 aliam
1834 2795 2077 2846 omnes,
2146 2771 2254 2852 qui
2297 2788 2371 2826 eo

303 2880 588 2950 tempore
619 2882 827 2955 partes
859 2885 1148 2954 egerunt,
1186 2857 1473 2938 naturam
1507 2877 1819 2938 induunt?
1904 2875 2121 2952 Quid?
2184 2870 2373 2933 Frid-

303 2972 526 3034 landus
560 2973 672 3036 ille
703 2977 858 3052 „vir
887 2977 1130 3056 inquies
1162 2989 1228 3040 ct
1260 2979 1447 3042 ferox
1459 2981 1527 3055 “,
1557 2977 1655 3060 ¹⁷)
1698 2969 1881 3061 quem
1914 2979 2200 3060 superbia
2234 2977 2374 3038 val-

307 3075 388 3138 de
449 3074 677 3144 elatum
691 3121 708 3154 ,
777 3099 962 3160 supra
1017 3100 1262 3144 omnem
1317 3083 1577 3146 modum
1628 3091 2045 3164 arrogantem,
2112 3083 2375 3142 iracun-

307 3176 457 3238 dum
534 3179 816 3257 aequales
895 3181 1385 3262 descripserunt,
1419 3184 1516 3264 ¹⁸)
1604 3189 1716 3268 qui
1777 3182 2157 3264 implacabili
2226 3180 2373 3240 odio

306 3279 690 3342 adversarios
760 3301 1160 3362 persequens,
1246 3286 1530 3349 homines
1600 3288 1905 3350 moderati
1974 3283 2375 3363 contentique

306 3382 499 3444 animi
547 3382 870 3444 invalidos
937 3383 1070 3446 sive
1139 3397 1347 3450 mente
1417 3399 1625 3472 captos
1687 3390 2039 3462 nominans,
2120 3383 2377 3445 audaces

308 3492 550 3545 tantum
591 3485 952 3564 ferocesque
991 3487 1276 3550 laudibus
1317 3491 1628 3553 extollens
1670 3491 1921 3553 omuino
1964 3489 2371 3553 temeritatem

306 3606 427 3667 pro
477 3605 630 3647 vera
665 3587 983 3666 sapientia
1037 3588 1298 3651 habebat
1355 3602 1423 3652 et
1462 3593 1697 3671 gloriae
1738 3595 2141 3673 cupiditatem
2182 3591 2378 3650 dicti-

311 3686 480 3748 tabat
510 3687 739 3762 facem,
794 3709 950 3770 quae
982 3692 1211 3773 magnis
1241 3693 1427 3754 rebus
1462 3695 1744 3776 gerendis
1775 3699 2132 3780 praeluceat
2161 3698 2183 3726 ‘
2199 3687 2258 3770 ⁹)
2292 3719 2378 3735 -·

383 3910 481 3980 17)
516 3916 723 3968 Riccius
763 3919 878 3973 173.
919 3918 1035 3974 191.

384 4011 482 4083 18)
519 4014 590 4066 cf.
629 4016 928 4073 Grammont
963 4022 1215 4076 Memoir.
1253 4027 1307 4092 1,
1361 4022 1443 4080 15.
1514 4030 1731 4100 Burgus
1758 4028 1880 4082 279.

385 4111 482 4183 19)
519 4117 740 4186 Pappus.
777 4115 864 4172 41.
941 4123 1147 4178 Gualdo
1183 4127 1417 4180 Prior-ato
1452 4125 1551 4196 29,
1600 4128 1669 4183 67
1680 4167 1697 4198 ,
1753 4127 2074 4200 167-169‚
2120 4129 2240 4182 218-

2512 583 2549 613 Q
