2817 4825
20 3187 22 3222 -’
19 1258 46 3144 ‘mmm—T
32 1104 44 1196 *Ἡ

1319 416 1367 489 9

305 622 498 685 quum
558 599 935 675 advenisset,
1013 588 1344 681 comperit,
1419 599 1674 661 missum
1726 599 1849 665 iam
1911 620 2042 661 esse
2090 599 2373 661 -Bubnam

308 706 617 767 Comitem
658 724 702 763 ar
737 702 1075 766 Fridlando
1118 703 1198 763 ad
1237 704 1576 763 Succorum
1622 703 2108 775 cancellarium,
2174 684 2376 763 inter-

303 815 584 887 rogatum
599 844 618 879 ‚
667 814 884 866 utrum
923 805 1340 864 Protestantes
1375 802 1859 878 Waldsteinium
1895 804 2230 866 Bohemiae
2269 826 2377 865 re-

304 930 496 989 gnum
535 907 920 967 affectantem
960 904 1238 965 adiuturi
1278 914 1501 967 essent.
1587 905 1824 966 Eodem
1868 916 2149 987 tempore
2190 908 2379 969 Prid-

305 1012 527 1071 landus
569 1010 791 1069 iisdem
833 1008 912 1067 de
952 1009 1139 1068 rebus
1172 1027 1314 1066 cum
1349 1004 1691 1067 Arnhemio
1724 1007 2161 1091 Thuruioque,
2218 990 2379 1068 Pro-

306 1112 667 1175 testantium
719 1109 790 1169 iu
842 1110 1060 1169 Silesia
1115 1110 1508 1169 exercituum
1563 1109 1853 1183 ducibus,
1924 1130 2103 1189 agere
2154 1103 2379 1190 eoepit,-

305 1213 474 1295 quod
515 1223 590 1275 ut
627 1212 874 1272 facilius
916 1212 1314 1294 procederet,
1379 1210 1660 1271 inducias
1702 1232 1843 1272 cum
1885 1201 2167 1273 hostibus
2209 1212 2381 1272 fecit.

308 1316 702 1397 Quamquam
754 1334 1118 1395 responsum
1173 1312 1340 1373 haud
1381 1314 1665 1393 iniquum
1712 1313 2166 1375 Oxeustiernae
2206 1316 2381 1377 Bub-

305 1436 388 1478 na
419 1418 670 1490 retulit,
726 1416 1098 1477 Fridlandus
1131 1425 1338 1475 tamen
1373 1415 1787 1494 astrologicis,
1842 1424 1916 1475 ut
1947 1416 2245 1478 Tertscka
2276 1418 2380 1477 di-

305 1521 407 1578 xit
446 1521 744 1599 Sesyuw,
815 1516 1269 1598 quaestionibus
1322 1516 1683 1593 indulgens,
1748 1516 2094 1576 cunctando
2138 1527 2380 1598 tempus

288 1619 504 1688 ,trivit-
589 1620 866 1681 Induciis
921 1636 1132 1678 mense
1180 1616 1460 1696 Augusto
1518 1616 1723 1677 denuo
1776 1617 2079 1679 restitutis
2132 1620 2380 1691 Arnhe-

308 1720 503 1796 mins,
573 1730 644 1781 ut
694 1721 1034 1780 Succorum
1093 1716 1545 1778 cancellarium
1600 1718 1679 1777 de
1724 1719 2051 1779 Fridlsndi
2105 1724 2378 1783 consiliis

307 1821 640 1881 certiorem
704 1822 906 1899 iisque
969 1820 1378 1901 propitiorem
1445 1819 1770 1895 redderet,
1856 1822 2238 1886 Gelnhusam
2299 1824 2379 1884 ad

307 1944 452 1984 eum
516 1920 836 2005 profectus
900 1931 1010 1984 est.
1111 1922 1235 1983 Sed
1299 1922 1555 1983 consilia
1618 1922 1848 1983 iterum
1912 1924 2155 1985 irritata
2214 1937 2377 1988 sunt.

306 2026 374 2085 N
373 2046 469 2087 am
511 2028 580 2085 in
613 2025 895 2085 Silesiam
933 2042 1218 2100 reversus
1258 2044 1401 2085 cum
1441 2023 1780 2085 Fridlando
1823 2046 2177 2108 congressus
2208 2026 2377 2087 Arn-

307 2127 552 2189 hemius
605 2125 885 2188 Thurnio
939 2127 1214 2206 scripsit:
1282 2146 1412 2186 non
1470 2136 1752 2187 constare
1800 2129 1919 2188 sibi
1972 2130 2377 2190 Fridlandum

307 2238 384 2291 ut
437 2228 546 2310 qui
600 2227 964 2289 consociatis
1011 2228 1130 2287 sibi
1183 2227 1721 2308 Brundenburgiae
1761 2230 2186 2308 Saxoniaeque
2224 2231 2380 2291 Ele-

311 2327 594 2391 ct'oribus'
627 2329 839 2391 Suecis
881 2328 1116 2390 bellum
1155 2330 1351 2391 vellet
1389 2330 1659 2405 inferre3
1713 2352 1778 2391 se
1820 2332 2129 2393 detestari.
2210 2332 2378 2393 Tum

308 2435 683 2497 Fridlandus
697 2478 716 2511 ,
780 2435 991 2495 Suecis
1033 2433 1112 2494 ad
1154 2433 1529 2494 Steinaviam
1573 2434 1786 2506 victis,
1858 2435 2147 2494 celeriter
2184 2445 2379 2496 totam

308 2540 447 2601 fere
502 2536 834 2597 saxoniam
888 2534 1357 2612 Marchiamque
1409 2533 2014 2612 Brandenburgicam
2076 2535 2145 2592 in
2206 2556 2378 2595 suam

309 2647 676 2720 potestatem
717 2635 974 2714 redegit.
2028 2637 2041 2650 ⁰
2264 2649 2268 2653 ’

477 2741 662 2800 Anno
719 2733 904 2798 1633.
949 2743 1219 2796 exeunte
1259 2737 1489 2814 Sesyna
1529 2734 1804 2809 Pilsnae‚
1875 2735 2040 2813 quod
2081 2735 2379 2818 oppidum

311 2853 404 2904 est
442 2839 808 2914 Bohemiae,
880 2857 1020 2898 cum
1064 2837 1360 2896 Tertscka
1418 2838 1609 2895 tertio
1666 2855 2020 2913 congressus
2064 2847 2175 2896 est.
2258 2839 2381 2898 Hic

311 2965 558 3018 omnes,
628 2943 736 3023 qui
777 2961 812 2999 a
853 2939 1170 2999 Fridlandi
1209 2939 1485 3017 partibus
1528 2940 1798 3011 stabant,
1866 2958 2021 3017 opus
2062 2959 2193 2999 esse
2230 2922 2381 2998 ceu-

309 3052 600 3118 suerunt,
665 3055 740 3104 ut
770 3041 1174 3114 Fridlandus‚
1237 3040 1600 3120 praesertim
1644 3059 1784 3099 cum
1824 3049 1889 3098 et
1930 3039 2169 3100 tribuni
2209 3041 2382 3102 mili-

309 3159 446 3210 tum
500 3146 776 3208 Caesaris
835 3152 902 3202 et
951 3140 1343 3202 Bernhardus
1404 3142 1711 3202 Saxonico
1733 3175 1775 3188 —
1797 3142 2180 3204 Vinariensis
2224 3147 2381 3205 Dux

309 3249 568 3334 propitii
609 3255 840 3321 essent,
901 3244 1315 3306 obedientiam
1361 3243 1609 3304 Caesari
1651 3263 1831 3322 quam
1872 3244 2143 3323 primum
2188 3247 2382 3308 dene-

309 3362 513 3434 garet,
569 3351 808 3428 illoque
852 3347 1157 3408 debellato
1197 3344 1532 3405 Bohemiae
1570 3366 1825 3424 regnum
1870 3358 2228 3426 capesseret.

485 3451 630 3530 Quo
699 3452 867 3514 facto
938 3450 1170 3526 Sesyua
1231 3448 1310 3508 ad
1381 3446 1892 3521 Oxenstiernam,
1973 3449 2381 3511 Wenceslaus

445 3663 504 3729 fo
547 3661 650 3718 niel
691 3660 825 3729 bieco
861 3657 1141 3729 &esebidyte
1187 3655 1447 3724 antestat!
1514 3668 1596 3715 an
1658 3656 1890 3723 (einen
1950 3658 2079 3715 brt
2132 3651 2383 3730 gestent

322 3771 330 3780 ·
483 3763 510 3804 Θ
555 3761 621 3804 n.

445 3748 476 3814 f
519 3762 740 3903 Cptimo
786 3835 949 3902 igitur
995 3834 1112 3884 iure
1156 3831 1338 3886 mirari
1379 3849 1478 3884 nos
1512 3849 1797 3900 possumus
1833 3844 1943 3885 tam
1982 3832 2158 3884 obiter
2189 3833 2383 3902 legisse

448 3919 852 3970 Khevenhilleri
887 3919 1128 3970 Annales
1165 3917 1497 3970 Fridericum
1521 3918 1861 3983 Forsterum,
1910 3937 2230 3986 quamquam
2264 3922 2382 3988 ipse

445 4003 727 4074 permultis
773 4005 831 4056 in
874 4005 1010 4057 locis
1063 4006 1151 4056 vel
1196 4005 1507 4072 saepissime
1554 4004 1896 4080 historiarum
1946 4007 2232 4072 scriptores
2278 4025 2381 4057 ne·-

453 4090 741 4157 gligentiae
785 4103 942 4160 atque
979 4091 1179 4144 fraudis
1217 4090 1648 4156 arrogantissime
1686 4093 1969 4143 accusavit.
